3468 5128
736 385 955 446 ..62...

477 595 594 660 καὶτὰ
617 593 694 678 βέλη
718 596 777 678 μὲν
800 597 957 682 ἄχρηστα,

609 703 809 785 σπασάμενοι
833 703 867 767 δὲ
891 703 1134 768 συνεπλέκοντο.

477 809 531 873 καί
554 811 688 891 ἄκριτον
711 809 750 892 ἦν

606 919 818 1004 πεφυρμένων
839 917 899 1000 μὲν
920 923 984 981 τῶν
1008 917 1145 998 ἀνδρῶν,

607 1031 662 1107 τῆς
685 1023 721 1090 δὲ
743 1029 824 1108 βοῆς
846 1025 1088 1109 προπιπτούσης

555 1131 604 1196 ἀεὶ
627 1131 663 1194 δέ
685 1120 736 1214 ἐφ)
753 1133 908 1214 ὁπότερον
930 1133 1048 1215 βρίσειε
1071 1131 1089 1194 ό
1116 1130 1269 1212 πόλεμος,

554 1240 791 1321 παρακέλευσις
813 1240 872 1322 μὲν
895 1229 934 1327 ἦν
956 1244 1021 1302 τῶν
1041 1237 1325 1310 πλεονεκτούντων,

556 1347 694 1428 οἰμωγαί
718 1346 752 1410 δὲ
775 1352 839 1410 τῶν
860 1347 1078 1428 τρεπομένων.

608 1455 679 1515 ούτε
703 1448 736 1516 αἱ
760 1453 860 1534 φυγαί
881 1453 979 1518 τόπον
1002 1444 1091 1535 εἶχον

610 1548 684 1623 οδτε
707 1561 741 1623 αί
764 1559 896 1636 διώξεις,

555 1665 636 1728 ἀλλὰ
661 1664 760 1751 ῥοπαὶ
783 1716 789 1730 .
814 1716 820 1730 .
846 1667 1008 1748 ἐγίγνοντο.

553 1777 620 1842 τοῖς
644 1761 673 1836 δ’
690 1773 875 1856 ἔμπροσθεν
897 1771 1079 1860 γινομένοις

609 1883 628 1962 ἢ
652 1886 708 1944 τού
731 1880 886 1964 θνήσκειν

609 1990 628 2069 ἢ
651 1993 707 2052 τού
731 1989 863 2053 κτείνειν
886 1989 1008 2071 ἀνάγκη
1033 1987 1079 2071 ἦν.

555 2095 586 2157 οῖ
608 2093 669 2177 γὰρ
692 2145 699 2159 .
724 2145 730 2158 .
755 2095 941 2160 κατέλιπον.

610 2201 888 2266 πλεονεκτούντων
913 2202 947 2266 δὲ
969 2207 1034 2266 τῶν
1056 2189 1217 2267 Ἰουδαίων

608 2308 663 2372 καὶ
685 2309 870 2391 κλινομένης
892 2315 947 2390 τῆς
970 2309 1186 2392 παρατάξεως

556 2414 635 2492 (ἀπὸ
659 2413 720 2496 γὰρ
743 2465 750 2478 .
776 2464 782 2476 .
807 2464 813 2476 .
838 2413 1049 2500 ἐπολέμουν)

609 2523 642 2583 οἳ
660 2521 719 2602 μὲν
743 2521 863 2604 ἀθρόοι
886 2571 892 2585 .
917 2571 923 2585 .
948 2570 954 2586 .

607 2627 761 2710 Ῥωμαῖοι
795 2626 830 2694 δέ
852 2629 941 2712 μέρει
963 2635 1018 2712 τῆς
1041 2629 1218 2712 δυνάμεως.

556 2733 668 2818 (οὔπω
693 2735 753 2819 γὰρ
778 2785 810 2800 ..
834 2733 1089 2823 ἐπαναβεβήκει.)

608 2844 662 2908 καλ
685 2845 813 2922 ἐκείνοις
836 2845 1009 2926 ἐπανεῖχον.

374 2946 562 3037 descriptio
587 2951 769 3016 tumultus
816 2953 849 3018 V
865 2954 916 3015 29.

479 3059 676 3140 κατάπληξις
698 3057 737 3140 ἦν
759 3065 823 3128 τοῖς
845 3058 991 3139 γνησίοις,

479 3162 534 3225 καὶ
558 3150 627 3226 ούτε
650 3165 766 3245 βουλῆς
788 3162 899 3246 καιρὸς
921 3157 968 3232 εἶς
989 3158 1177 3242 μεταβολήν,

610 3271 685 3333 ούτε
710 3269 902 3351 συμβάσεως
925 3267 1016 3340 ἐλπίς,

610 3378 685 3442 οὔτε
708 3375 792 3463 φυγὴ
816 3381 883 3445 τοῖς
905 3371 1082 3448 ἐθέλουσιν,

557 3484 744 3570 ἐφρουρεῖτο
767 3483 826 3568 γὰρ
850 3482 961 3554 πάντα,

609 3588 665 3656 καὶ
688 3641 694 3655 .
719 3641 725 3654 .
750 3589 917 3674 ,ἀνῄρουν

611 3698 693 3762 κοιλ.
718 3747 724 3760 .
749 3747 756 3761 .
781 3696 959 3780 ὡμονόουν.

481 3805 535 3870 καί
556 3809 621 3868 τῶν
643 3803 702 3886 μὲν
724 3804 920 3886 μαχομένων
943 3804 1143 3875 ἀδιάλειπτος
1164 3803 1204 3887 ἦν
1225 3805 1359 3888 κραυγή,

559 3911 729 3996 δεινότεροι
755 3910 790 3974 δὲ
813 3910 956 3997 δδυρμοί,

483 4017 537 4082 καὶ
560 4019 696 4101 θρήνων
717 4017 777 4100 μὲν
798 4020 1009 4102 προσέφερον,

610 4125 669 4196 τὰς
692 4123 728 4191 δὲ
751 4177 757 4190 .
782 4176 789 4190 .
813 4125 957 4200 ένέκλείε,

559 4233 750 4316 φιμούμενοι
773 4233 808 4299 δὲ
831 4285 837 4298 .
862 4285 868 4298 .
893 4284 899 4296 .
924 4228 1159 4316 ἐβασανίζοντο.
