3468 5128
691 419 910 480 ⁴—73-

329 631 361 708 3)
385 649 405 692 e
428 637 556 692 natura

326 753 435 835 ὥσπερ
458 752 598 835 σκηπτὸς
621 754 769 835 ἐμπεσὼν
791 760 883 817 τοῦτο
906 754 1055 836 ἐτάραξεν
1073 752 1226 838 Ἡρώόην
1249 754 1395 817 144οω

220 859 272 925 VI
285 861 357 923 288.

327 965 594 1048 περισβέννυσθαι
617 965 672 1037 τὰς
695 965 799 1048 ὁρμάς
824 966 1048 1048 ἀπορουμένας
1063 967 1174 1049 ὥσπερ
1189 967 1265 1050 ὕλης
1279 967 1315 1031 τὸ
1330 973 1395 1049 πῦρ

222 1073 364 1136 111209.

326 1180 374 1249 ὡς
395 1179 579 1252 εἰκάζεσθαι
602 1179 738 1261 καμήλῳ
760 1178 796 1242 τὸ
820 1185 927 1262 σχῆμα
951 1178 1002 1245 IV
1014 1181 1042 1242 5.

237 1332 239 1336 -
327 1286 418 1368 δίκην
451 1291 515 1349 τῶν
551 1284 767 1350 ἀτιθασεύτων
802 1287 942 1367 ἑρπετῶν
973 1292 1039 1363 τοῖς
1069 1286 1235 1351 ’σαίνουσιν
1269 1285 1323 1348 τὸν
1346 1284 1394 1349 ἰὸν

221 1393 398 1476 ἐναφήκατε
421 1392 567 1457 111336.
614 1390 665 1476 (cf.
689 1390 899 1474 Wendland,
929 1388 1048 1456 Philos
1071 1388 1205 1458 schrift
1228 1390 1315 1455 iiber
1337 1387 1394 1456 die

220 1497 436 1582 Vorsehung
459 1519 483 1562 s.
507 1520 539 1562 v.
563 1498 710 1580 ίόβολος.)

326 1603 365 1688 ἧς
398 1605 452 1669 καὶ
486 1605 581 1688 παρὰ
616 1607 740 1689 θηρίοις
774 1607 902 1690 στοργαὶ
923 1608 1075 1689 μένουσιν
1099 1606 1193 1669 1465
1216 1633 1251 1662 ω
1275 1607 1395 1688 V367,

219 1711 272 1778 IV
287 1714 357 1793 174,
381 1712 434 1778 IV
447 1713 519 1793 425,
544 1713 576 1778 V
593 1714 645 1778 85.
1119 1739 1121 1744 ·

329 1819 409 1902 είρεν
432 1817 487 1882 τὸν
511 1818 641 1901 σίδηρον
664 1818 735 1882 ἀπὸ
758 1825 813 1901 τῆς
838 1826 970 1908 σφαγῆς,
994 1820 1105 1901 ὥσπερ
1127 1819 1165 1881 τὰ
1187 1819 1395 1884 κυκλωθέντα

221 1931 287 1990 τῶν
309 1926 435 2009 θηρίων
458 1926 505 1989 ἀεὶ
519 1925 603 2007 πρὸς
616 1925 671 1988 τὸν
686 1926 933 2007 καθαπτόμενον
948 1925 1235 2012 ἀντιστρεφόμενος
1250 1925 1305 1988 III
1320 1926 1392 1988 385.
1501 2001 1503 2006 ι

328 2033 445 2116 ὥσπερ
469 2033 562 2102 κύνες
580 2032 614 2098 V
630 2034 692 2095 196
715 2058 751 2088 ω
773 2031 806 2096 V
819 2032 891 2094 526.

327 2140 476 2222 καθάπερ
508 2139 542 2211 ἐξ
574 2139 695 2219 ἀγελῶν
727 2137 823 2220 ζῴων
857 2137 983 2218 ἀλόγων
1017 2136 1190 2219 ἑλκομένου
1224 2143 1280 2200 τοῦ
1314 2161 1393 2222 κρα-

218 2247 408 2317 τιστεύοντος
430 2246 478 2309 ἀεί
500 2245 646 2328 θύματος
670 2245 721 2310 IV
736 2246 806 2308 170.

326 2354 474 2436 καθάπερ
497 2353 561 2417 ὑπὸ
583 2349 648 2416 τῶν
671 2352 813 2435 ἀκρίδων
835 2352 967 2416 κατόπιν
989 2351 1067 2434 ύλην
1090 2354 1171 2418 ἔστιν
1186 2353 1261 2418 ῑόεῖν
1276 2353 1393 2436 ἐψιλω-

217 2462 317 2544 μένην
338 2465 453 2534 πάοαν,
477 2461 580 2532 οὕτως
602 2463 718 2545 ἐρημία
745 2460 937 2524 κατελείπετο
961 2460 1013 2525 IV
1026 2462 1099 2525 536.

326 2568 475 2648 καθάπερ
502 2567 540 2630 τό
563 2569 728 2649 τρωθέντα
754 2573 819 2632 τῶν
841 2567 967 2650 θηρίων
991 2567 1096 2649 ἐπειδὴ
1120 2567 1193 2637 τοὺς
1214 2569 1396 2649 τρώσαντας

219 2674 258 2736 ού
281 2671 461 2752 κατέλαβεν,
482 2660 533 2752 ἐφ’
557 2673 614 2741 οὓς
636 2671 726 2752 εὗρεν
748 2673 803 2735 τόν
825 2673 934 2754 θυμὸν
957 2673 1045 2753 ἠφίει
1071 2673 1122 2738 IV
1135 2673 1208 2734 540.

325 2775 380 2839 τόν
414 2775 492 2840 λαόν
525 2777 635 2857 ὥσπερ
667 2777 806 2840 ἀνοσίων
841 2776 937 2857 ζῴων
960 2776 1075 2858 ἀγέλην
1098 2776 1235 2846 ἐπιόντες
1257 2779 1396 2860 ἔσφαζον

220 2884 273 2950 IV
285 2884 357 2946 326.

325 2991 477 3075 καθάπερ
500 2991 664 3074 λυσσῆσαν
686 2989 802 3073 θηρίον
825 2989 926 3070 ἐνδείᾳ
949 2993 1013 3052 τῶν
1035 2989 1158 3062 ἔξωθεν
1174 2989 1223 3052 ἐπί
1242 2990 1298 3061 τὰς
1313 2986 1396 3062 ἰδίας

218 3097 281 3180 ῆόη
305 3099 427 3181 σάρκας
450 3101 544 3195 ὁρμᾷ,
569 3099 673 3176 οὕτως
696 3098 729 3164 V
742 3100 769 3161 4.

326 3240 361 3320 4)
385 3259 430 3302 ex
454 3237 596 3305 artibus.

328 3362 367 3444 ῆν
401 3363 510 3446 ὥσπερ
545 3363 687 3445 πολέμου
723 3365 865 3445 θέατρον
898 3363 949 3430 VI
966 3365 1027 3428 146
1064 3393 1099 3422 ω
1123 3365 1175 3431 IV
1198 3367 1250 3445 91,
1285 3365 1318 3431 V
1342 3366 1393 3446 73,

222 3465 274 3531 IV
297 3467 361 3530 368
395 3463 447 3553 (cf.
475 3465 625 3553 Appian.
660 3468 693 3536 b.
723 3490 748 3534 c.
778 3469 813 3532 11
839 3472 880 3534 33
916 3471 1068 3553 καθάπερ
1106 3471 1218 3552 ἀγῶνα
1256 3470 1396 3552 πόλεμον

221 3570 381 3654 θεώμενοι
404 3583 440 3639 et
463 3571 538 3646 Lib.
565 3574 629 3638 7lf
662 3576 681 3639 ό
714 3576 748 3639 ὀί
770 3575 918 3641 Σκιπίων
941 3578 1052 3642 ἐθεᾶτο
1074 3577 1131 3660 τὴν
1153 3577 1261 3660 μάχην
1284 3577 1393 3660 ὥσπερ

222 3675 258 3740 ἐκ
281 3679 441 3766 θεάτρου).

327 3787 438 3871 ὥσπερ
455 3787 505 3851 ἐπί
519 3793 638 3870 σκηνῆς
650 3788 799 3873 ἀλλοτρίῳ
815 3791 1039 3872 κατεκόσμουν
1050 3791 1247 3874 προσωπείῳ
1263 3790 1315 3856 IV
1331 3791 1393 3854 156

218 3917 255 3948 ω
278 3892 330 3960 IV
342 3895 415 3959 336.

327 4001 362 4064 αλ
382 4004 576 4086 παρατάξεις
598 4002 750 4084 καθάπερ
774 4002 865 4086 έορτῆ
891 4004 942 4070 IV
954 4004 1028 4069 231.

325 4107 379 4172 τὸν
412 4115 468 4174 τοῦ
496 4111 553 4193 ζῆν
575 4108 693 4192 χρόνον
716 4109 832 4192 ὥσπερ
855 4110 1032 4192 ἀναγκαίαν
1054 4108 1121 4172 τινὰ
1148 4115 1186 4194 τῆ
1209 4112 1309 4200 φύσει
1331 4111 1394 4175 λει-

218 4215 368 4300 τουργίαν
390 4216 547 4282 V11352.
