3468 5128
677 417 898 479 ..35-

192 629 310 699 διδοάς.
345 629 516 711 μετάνοιαν
549 630 680 706 πολλοῖς
714 623 928 714 ἐνειργάσατο,
963 629 1159 711 κατάπληξιν
1194 629 1228 692 δὲ
1263 634 1371 694 πᾶσιν

194 735 247 801 111
263 737 359 802 12718
384 765 418 788 ω
437 735 494 824 Ι111
514 736 619 816 18617,
643 736 746 798 1461.

706 895 854 972 κύκλος

301 1019 365 1083 ὑπὸ
392 1020 451 1101 μὲν
473 1016 642 1102 Καίσαρος
663 1020 802 1108 ,ἐφιλεῖτο
825 1007 895 1102 μετ’
912 1019 1103 1101 Ἀγρίππαν,
1128 1008 1183 1082 ὑπ’
1200 1020 1370 1103 Ἀγρίππα

194 1126 232 1190 δὲ
253 1127 330 1209 μετὰ
353 1126 501 1210 Καίσαρα
525 1127 625 1190 1400
649 1153 684 1182 ω
709 1127 759 1192 IV
780 1128 853 1190 384.
900 1127 988 1214 φέρει
1002 1127 1145 1207 βάσανον
1164 1127 1274 1208 μνήμη
1293 1127 1369 1190 ἀνα-

193 1235 339 1320 φέρουσα
367 1234 485 1299 11182.
531 1233 567 1296 τδ
589 1231 651 1316 μὲν
675 1234 777 1315 εὑρεῖν
799 1235 920 1305 ἐκοπία,
950 1233 1162 1315 πανταχόθεν
1185 1233 1308 1314 ἄπορον
1331 1231 1370 1314 ἦν

192 1340 257 1423 ἤδη
280 1340 320 1404 τὸ
343 1342 443 1424 εὑρεῖν
469 1341 517 1406 VI
543 1342 615 1404 204.
662 1341 1063 1422 ποιήσομαι-ἐποιησάμην
1089 1339 1104 1400 I
1130 1341 1180 1402 30.
1226 1338 1285 1420 τὴν
1312 1338 1371 1420 μὲν

191 1447 288 1511 πάλιν
311 1449 408 1529 αὐτῷ,
431 1447 489 1510 τὸν
513 1447 547 1511 δὲ
570 1447 648 1511 ναδν
670 1453 708 1530 τῇ
730 1447 820 1512 πόλει
843 1447 952 1512 11334
976 1473 1011 1502 ω
1036 1446 1177 1527 111379,
1202 1447 1235 1512 V
1252 1448 1323 1509 440.

638 1626 920 1708 ἕπαναστροφή.

303 1752 495 1833 στρατιώτης
520 1750 579 1832 μὲν
603 1751 812 1836 δεκαδάρχην,
848 1751 1049 1833 δεκαδάρχης
1076 1747 1105 1813 δ’
1129 1751 1370 1832 ἑκατοντάρχην,

195 1855 289 1927 οὗτος
312 1847 341 1922 δ)
358 1857 549 1931 ἑσπάυδαζεν
572 1857 751 1939 ἀρέσασθαι
774 1859 940 1940 χιλίαρχον,
972 1863 1036 1919 τῶν
1060 1856 1094 1919 δὲ
1116 1856 1286 1939 χιλίαρχιον
1309 1853 1369 1918 ἐπὶ

194 1963 269 2034 τοὺς
292 1965 451 2047 ἡγεμόνας
474 1967 493 2046 ἡ
517 1961 687 2046 φιλοτιμία
716 1966 839 2036 ἔτεινεν,
866 1963 1006 2026 καὶτῶν
1029 1961 1195 2047 ἡγεμόνων
1219 1957 1371 2044 ἐβράβευε

195 2071 252 2153 τὴν
275 2072 415 2154 ἅμιλλαν
437 2071 570 2152 Καῖσαρ
594 2072 729 2138 11503.
756 2069 907 2158 Ἡρώδης
929 2070 987 2150 μὲν
1010 2070 1028 2132 ὁ
1052 2057 1266 2152 Ἀντιπάτρου
1281 2067 1369 2133 Σάσ-

181 2199 275 2258 ισιον,
305 2179 449 2248 Σόσσιος
472 2178 506 2242 δὲ
526 2179 694 2262 Ῥωμαίων
718 2174 871 2260 στρατίαν
894 2179 1013 2262 ἤγαγεν
1036 2177 1069 2240 V
1092 2177 1156 2239 398
1181 2203 1215 2226 Ν
1240 2176 1272 2240 V
1296 2178 1369 2255 451,

196 2284 229 2349 V
242 2287 314 2349 245.
361 2285 425 2367 ἐγὼ
449 2287 569 2369 φρίττω
592 2285 694 2367 λέγων
718 2287 761 2355 εἰς
784 2281 935 2360 ἀναξίους
958 2278 1068 2363 ἀκοάς,
1085 2283 1218 2347 ἀκούετε
1234 2270 1263 2347 δ’
1280 2283 1371 2365 ὅμως

196 2390 306 2456 v378
330 2419 365 2447 ω
388 2392 507 2474 voro,
532 2394 642 2475 44344,
667 2394 786 2473 Vror,
811 2393 890 2472 τοι,
909 2393 981 2454 568.
1029 2377 1181 2474 εβοιιεω
1198 2393 1372 2473 Ῥωμαιοις

192 2496 367 2568 Ἰουδαίους
389 2501 563 2573 σώζεσθαι,
583 2500 751 2569 Ἰουδαίοις
774 2500 858 2585 ίεράν
883 2500 992 2562 11421
1020 2525 1055 2555 ω
1080 2498 1182 2562 1173.
1231 2521 1369 2583 προκιν-

198 2603 669 2686 δυνεύοντος-προκινδυνεύσω
694 2609 836 2670 111483.
876 2608 1038 2677 ἔπταισεν,
1062 2604 1117 2667 καὶ
1140 2605 1173 2666 ἐν
1189 2605 1370 2686 πταίσματι

198 2709 302 2771 1430.
327 2708 540 2791 ἀδικούμενοι,
554 2709 739 2776 ἀδικεῖσθαι
752 2713 768 2772 I
786 2715 846 2772 124
859 2737 894 2766 ω
910 2712 1015 2791 1430,
1033 2710 1088 2772 111
1109 2711 1179 2790 107,
1196 2710 1368 2775 11134213.

196 2820 260 2877 πᾶν
282 2814 322 2898 ἦν
344 2803 426 2899 παρ’
438 2815 629 2898 Ἀντιπάτρῳ
652 2815 709 2879 καὶ
733 2805 787 2878 ἀπ’
801 2816 1003 2900 Ἀντιπάτρου
1028 2817 1120 2879 1469
1144 2842 1179 2871 ω
1203 2816 1309 2880 1573.

671 2976 888 3040 ἀσάνδετὸν

304 3104 521 3167 ἀκοταιτίατοι
554 3104 675 3186 ἄκριτοι
709 3103 845 3168 111169.
893 3101 960 3166 οἷον
983 3102 1061 3166 ἄστυ
1084 3103 1151 3167 οἷον
1173 3102 1260 3186 ἱερὸν
1284 3103 1371 3167 ὅσων

197 3208 304 3271 ίδνῶν
338 3204 408 3288 ίερά
432 3209 465 3273 11
489 3211 564 3271 416.
610 3205 662 3286 τίς
696 3210 754 3273 οὐκ
790 3209 874 3272 οἶδεν
906 3208 963 3292 τὴν
984 3209 1103 3288 παντὸς
1125 3207 1245 3296 θηρίου
1268 3234 1369 3275 κατα-

196 3314 389 3397 πλησθεῖσαν
411 3310 584 3401 Αἴγυπτον,
606 3316 662 3398 τὴν
685 3317 833 3398 ἄκαρπον
856 3324 929 3399 χῆν,·
951 3317 1006 3380 τὸν
1025 3319 1223 3382 ἐπιλείποντα
1245 3317 1369 3390 Νεῖλον,

196 3421 257 3498 τὰς
285 3421 459 3504 ἐπάλληλος
488 3419 567 3487 δέκα
595 3417 736 3504 πληγάς,
769 3423 843 3500 τοὺς
866 3423 919 3488 διὰ
942 3429 1042 3487 ταῦτα
1067 3475 1073 3490 .
1098 3474 1105 3488 .
1129 3474 1136 3487 .
1162 3446 1369 3504 προπεμπο-

196 3529 314 3612 μένους
328 3530 469 3610 πατέρας
484 3524 703 3610 ἀναιμάκτους
715 3530 903 3600 ἀκινδύνους
914 3531 947 3596 11
959 3533 1023 3594 383
1036 3529 1092 3608 (de
1104 3525 1370 3594 enuntiatorum

197 3633 401 3716 asyndetica
423 3643 600 3700 structura
624 3635 664 3700 cf.
688 3655 794 3720 supra
816 3657 847 3720 p.
866 3637 929 3719 64).

305 3779 385 3861 Quo
408 3779 485 3844 loco
508 3775 597 3842 mihi

540 3921 585 3989 de
608 3921 795 3991 tetracolis
818 3925 855 3990 et
877 3922 1018 3991 tricolis

197 4041 440 4111 disserendum
464 4056 526 4130 est,
550 4067 699 4132 quorum
723 4044 794 4112 iam
809 4045 1027 4113 mentionem
1042 4045 1109 4113 feci
1125 4054 1168 4132 (p.
1187 4048 1251 4132 64),
1274 4069 1371 4114 nunc

197 4153 359 4238 exempla
382 4153 499 4237 affero,
524 4175 543 4218 e
567 4151 695 4239 quibus
714 4151 870 4219 maxime
890 4175 996 4240 quam
1013 4152 1203 4240 diligenter
1225 4151 1372 4221 rhetori·

197 4277 256 4323 cas
279 4269 372 4326 artes
396 4259 637 4327 observaverit
660 4269 696 4326 et
719 4258 919 4328 adhibuerit
941 4272 1059 4347 potest
1082 4259 1256 4348 cognosci.
