3468 5128
678 403 897 470 ...15....

194 616 339 705 gyricus
361 618 517 705 Augusti
541 618 652 706 (Virg.
677 621 763 686 Aen.
779 622 839 704 VI,
864 618 943 707 791)
967 641 1071 706 quem
1095 618 1270 706 quomodo
1290 615 1366 688 Vir-

194 724 304 812 gilius
321 737 546 814 componeret
561 727 705 793 Norden
717 727 741 814 ¹)
765 725 962 816 explicavit
1010 727 1110 811 Quae
1129 725 1247 793 omnia
1264 728 1367 794 docu-

193 842 317 899 mento
340 830 413 900 sint
436 843 472 900 et
494 833 694 922 explanent,
717 832 753 900 in
771 835 865 921 quod
890 855 1004 921 genus
1027 832 1201 900 scribendi
1226 855 1366 900 enume-

192 937 285 1005 ratio
312 939 460 1029 Josephi
496 941 599 1008 cadat
633 951 669 1009 et
696 941 871 1030 quomodo
905 941 1017 1007 forma
1051 951 1087 1007 et
1115 935 1366 1028 argumentum

194 1044 270 1113 sint
292 1044 488 1115 iudicanda.

307 1155 387 1238 Qua
402 1177 439 1221 re
454 1153 491 1221 in
508 1153 714 1223 universum
736 1154 928 1243 praemissa
951 1165 987 1222 et
1003 1155 1243 1222 demonstrata
1259 1176 1367 1241 quan-

196 1270 276 1328 tum
299 1260 458 1328 suasoria
482 1261 602 1340 orati0,
635 1285 741 1349 quam
765 1284 846 1330 cum
868 1261 1050 1330 laudativo
1078 1283 1207 1349 genere
1231 1260 1370 1346 Quinti-

194 1365 314 1434 lianus
331 1369 526 1436 Menander
549 1367 609 1436 alii
633 1371 761 1438 docent
784 1370 976 1454 cohaerere,
1006 1367 1163 1436 flosculis
1186 1367 1368 1435 rhetoricis

194 1473 244 1542 sit
271 1486 449 1561 exornata,
484 1475 587 1544 certis
615 1475 754 1544 dicendi
788 1475 983 1544 luminibus
1011 1475 1058 1543 sit
1084 1473 1292 1559 illuminata,
1328 1486 1370 1544 ut

195 1582 395 1667 ostendam,
430 1582 573 1671 singula
607 1585 768 1672 exempla
802 1583 909 1670 elig0‚
945 1605 1035 1670 quae
1069 1581 1175 1649 nimis
1210 1582 1367 1648 scholam

195 1688 343 1776 sapiunt
363 1713 469 1777 quam
492 1703 533 1758 ut
555 1692 622 1758 hoc
644 1693 722 1758 loco
745 1690 933 1779 praeterire
955 1689 1100 1777 possim:

306 1797 394 1864 illud
418 1803 527 1888 ἑτέραν
549 1803 703 1885 ἐζήτησαν
731 1803 922 1884 οἰκουμένην
943 1800 1024 1882 ὑπὲρ
1048 1799 1190 1864 ὠκεανὸν
1209 1798 1367 1881 Ῥωμαῖοι.

195 1907 316 1970 11363
341 1927 385 1971 ex
407 1903 607 1973 imitatione
629 1907 770 1973 scholae
797 1904 1089 1972 exercitationum
1114 1915 1149 1970 et
1173 1902 1368 1970 dictionum

196 2011 243 2076 de
259 2012 459 2078 Alexandro
478 2016 619 2099 Magno,
643 2015 806 2099 Augusto
830 2011 907 2078 aliis
930 2011 1155 2098 pertritarum
1179 2020 1369 2098 sumptum,

194 2119 369 2184 hocloco
397 2118 433 2185 in
459 2122 638 2186 Romanos
669 2121 883 2186 transfertur.
917 2149 951 2172 ω
985 2117 1141 2187 Velleius
1165 2116 1369 2184 Paterculus

196 2226 349 2292 alterum
382 2248 495 2313 paene
529 2225 675 2313 imperio
709 2237 831 2293 nostro
866 2237 902 2292 et
937 2247 1001 2291 suo
1040 2246 1211 2311 quaerens
1250 2225 1368 2290 orbem

196 2335 382 2422 1146‚1.²)

305 2443 382 2507 Iam
404 2463 507 2529 porro
530 2451 571 2508 ut
594 2439 663 2508 alia
685 2442 867 2529 proferam,
899 2437 1109 2507 rhetoricam
1132 2459 1271 2525 quoque
1295 2460 1369 2526 spe-

197 2545 288 2613 ciem
311 2549 529 2635 formamque
559 2550 704 2635 praebet
727 2548 821 2635 quod
852 2535 1011 2613 nonest
1039 2547 1070 2612 ei
1095 2545 1190 2630 satis
1221 2567 1370 2612 comme-

197 2676 354 2721 morasse
370 2654 588 2743 simplicibus
603 2654 719 2722 verbis
735 2656 915 2743 populum,
939 2654 1000 2720 sed
1017 2653 1218 2720 tetracolica
1233 2651 1369 2719 ratione

199 2760 287 2828 caeli
321 2761 525 2848 regionibus
558 2762 782 2846 enumeratis,
817 2761 876 2848 qui
904 2759 994 2827 lines
1028 2760 1213 2826 includant
1240 2769 1369 2826 terram

199 2877 236 2934 et
259 2868 458 2954 terminent,
481 2867 634 2956 exponit
678 2871 762 2953 Qua
786 2867 1040 2934 consuetudine
1071 2865 1270 2932 rhetoribus
1293 2889 1369 2954 pro-

201 2976 286 3043 bata
310 2977 516 3064 (Menander
539 2976 618 3064 περὶ
647 2979 806 3044 tardatur.
846 2978 900 3040 III
924 2998 956 3062 p.
976 2978 1039 3040 343
1063 2973 1121 3060 Sp.
1145 2975 1237 3041 θέσιν
1259 2975 1370 3040 τοίνυν

199 3081 308 3171 χώρας
330 3085 547 3170 δοκιμάζομεν
568 3086 622 3150 καὶ
643 3081 805 3169 κρίνομεν,
831 3067 926 3154 ὅπως
948 3090 1045 3148 κεῖται
1067 3073 1151 3166 πρὸς
1174 3082 1317 3165 οὐρανόν,
1345 3084 1373 3146 εἰ

201 3194 235 3256 ἐν
271 3193 408 3276 δυσμαῖς
441 3187 462 3280 ,ἢ
490 3195 523 3258 ἐν
552 3182 718 3264 ἇνατολαῖς
750 3185 772 3280 ἢ
800 3193 833 3255 ἐν
859 3193 1039 3275 μεσημβρίᾳ
1073 3191 1154 3273 ἢ“έν
1184 3177 1304 3275 ἄρκτῳ)
1331 3187 1368 3253 in

121 3317 125 3321 ·
202 3297 373 3364 Romanis
396 3297 545 3387 (Ι1363)
569 3309 605 3365 et
628 3298 741 3366 Gallis
766 3297 915 3386 (11371)
943 3294 1181 3362 describendis
1211 3293 1370 3361 adhibita

201 3403 270 3472 alio
305 3426 444 3492 quoque
477 3405 554 3471 loco
588 3403 709 3489 utitur,
743 3414 784 3470 ut
818 3403 991 3470 exercitus
1024 3400 1177 3468 Romani
1212 3402 1370 3468 confecta

201 3511 435 3598 descriptione
458 3511 557 3598 quasi
582 3510 761 3599 epilogum
785 3510 926 3577 adiciat:
978 3556 980 3561 .

310 3623 435 3686 11363.
469 3622 508 3685 οὐ
531 3615 594 3708 γὰρ
617 3617 784 3708 ἐξήρκεσεν
807 3622 916 3691 αὐτοῖς
941 3618 994 3704 [sc.
1010 3625 1074 3688 τοῖς
1085 3615 1270 3701 Ῥωμαίοις]
1297 3608 1371 3688 ὅλος

201 3726 379 3819 Εὐφράτης
404 3722 468 3794 ὑπὸ
493 3720 554 3817 τὴν
581 3720 734 3814 ἀνατολήν
761 3725 838 3792 οὐδὲ
863 3731 928 3791 τῶν
954 3727 1174 3808 προσαρκτίων
1201 3725 1218 3790 ὃ
1242 3713 1370 3808 Ἴστρος

313 3979 337 4066 ¹)
360 3985 415 4042 Rh.
440 3984 518 4042 Mus.
545 3981 638 4049 1899,
661 4002 689 4058 p.
707 3979 824 4058 466sq.

311 4090 338 4169 2)
362 4089 398 4154 cf.
424 4091 528 4168 Klebs,
552 4091 721 4165 Philologus
749 4087 831 4149 1890
855 4109 884 4164 p.
903 4085 976 4148 299.
1012 4085 1177 4165 Morawslri,
1202 4085 1370 4144 Zeitschrilt

203 4182 314 4240 surdas
327 4182 575 4239 dsteneichiscbe
589 4179 863 4255 Gymnasialwesen
880 4175 972 4238 1893.
1007 4177 1138 4246 Norden,
1152 4179 1218 4234 Ant.
1227 4176 1369 4252 Kunatpr.

203 4290 233 4348 p.
250 4270 324 4337 309,
349 4271 458 4328 Aeneis
476 4270 517 4326 Vl
539 4269 613 4331 317.
