3468 5128
812 413 1031 476 ..20-

450 623 484 691 C.
508 626 562 690 καί
584 624 624 691 σὺ
646 628 774 690 ἀντῶν
797 634 914 692 namot
934 627 1111 711 κτημάτων
1133 627 1187 692 εἴτι
1209 623 1303 689 ἑαυτὸ
1319 623 1516 690 ἀποκτινόοι

342 732 387 816 μὴ
404 733 607 816 σημήναντος
630 733 676 797 δτι
697 733 805 816 βούλει
828 734 910 800 αὐτὸ
925 735 1074 800 τεθνάναι
1089 727 1286 817 χαλεπαίνεις
1299 729 1340 796 ἀν
1355 740 1402 815 τῷ
1418 734 1514 815 αὐτῷ.

450 859 481 922 οῖ
506 858 638 937 ἐξιόντες
663 864 719 924 τοῦ
741 859 812 942 βίον
834 855 954 927 Stoica
977 868 1013 926 et
1035 854 1214 945 popularis
1237 855 1354 940 dictio,

449 963 494 1029 de
527 962 708 1030 vocabulis
742 967 836 1050 χρέος
870 975 906 1032 et
938 967 1194 1050 παρακαταθήκη
1230 984 1320 1050 quae
1355 965 1400 1030 ad
1435 985 1516 1030 con-

344 1068 488 1136 trariam
519 1091 594 1136 rem
626 1073 922 1161 comprobandam
952 1071 1133 1140 adhibitae
1162 1093 1183 1138 e
1214 1069 1514 1138 consolationibus

343 1187 429 1244 sunt
451 1189 621 1266 sumptae,
645 1181 803 1246 conferas
825 1179 934 1248 velim

451 1301 635 1370 Philonem
659 1305 703 1371 de
727 1305 806 1372 Abr.
824 1309 897 1372 259.
932 1308 1081 1393 καθάπερ
1116 1307 1150 1371 δὲ
1184 1306 1289 1378 οὐδείς
1316 1308 1356 1370 ἂν
1378 1307 1512 1389 ἀχδωτο

342 1417 407 1476 τῶν
440 1414 576 1498 μετρίων
607 1407 746 1502 χρέοςή
773 1415 1055 1498 παρακαταθήκην
1087 1414 1244 1479 ἀποτίνων
1273 1417 1321 1501 τῷ
1347 1415 1515 1499 προεμένῳ

348 1517 568 1606 (Wendlaud,
593 1517 694 1584 Philo
717 1519 790 1584 und
815 1517 872 1585 die
894 1519 1147 1604 kyn.-stoische
1170 1518 1330 1586 Diatribe
1352 1542 1384 1606 p.
1401 1517 1463 1608 59).

454 1643 626 1710 Plutarch.
657 1642 849 1710 consolatio
883 1645 927 1709 ad
957 1643 1070 1730 Apoll.
1098 1647 1159 1709 116
1190 1645 1227 1710 Α.
1263 1647 1432 1713 ἐπελάθου
1466 1647 1515 1711 ὅτι

344 1753 433 1816 ταῦτ’
459 1753 571 1836 ἔλαβες
598 1753 648 1815 ἐπὶ
681 1756 727 1839 τῴ
762 1753 938 1817 ἀποδοῦναι
962 1803 968 1816 .
996 1803 1012 1835 .‚
1038 1755 1152 1836 ἔχομεν
1175 1753 1235 1836 γὰρ
1259 1753 1294 1817 τὸ
1318 1755 1375 1837 ζῆν
1403 1755 1514 1836 ὥσπερ

344 1857 669 1945 παρακαταθεμένοις
690 1860 778 1930 θεοῖς
800 1861 835 1933 ἐξ
857 1861 1004 1942 ἀνάγκης.

450 1972 639 2070 Antholog.
664 1985 948 2052 PalatV11732.
985 1988 1117 2051 ἕκτίοων
1140 1975 1231 2070 ’Λίδη
1256 1990 1363 2070 χρεῖος
1386 1986 1513 2070 ὀφειλό-

342 2091 475 2179 μείονιλι

452 2217 572 2304 [Plato]
597 2216 778 2284 Axiochus
814 2221 878 2283 367
895 2221 930 2284 Β.
965 2213 1028 2286 κᾶν
1058 2221 1104 2304 μή
1127 2245 1171 2291 τις
1198 2226 1320 2286 θᾶττον
1351 2220 1399 2298 ὡς
1421 2220 1515 2308 χρέος

347 2326 489 2413 ἀποδιδῷ
510 2325 546 2390 τὸ
559 2327 634 2416 ζῆν.

449 2448 628 2535 Josephus
663 2451 714 2516 VI
750 2453 800 2514 49.
841 2456 919 2527 πῶς
953 2451 1012 2516 οὐκ
1047 2451 1172 2534 ἀγεννὲς
1209 2451 1254 2535 μὴ
1292 2452 1413 2516 διδότω
1445 2459 1515 2524 ταῖς

343 2559 460 2642 χρείαις
482 2560 562 2645 ὃτιῖι
582 2557 683 2644 χρεὼν
706 2558 928 2640 ἀποδώσομεν.

452 2679 633 2748 Mentione
656 2703 795 2768 quoque
825 2679 975 2768 dignum
999 2692 1061 2767 est,
1092 2683 1185 2771 quod
1208 2684 1385 2771 Josephus
1416 2683 1514 2750 illam

346 2787 636 2856 consuetudinem
682 2789 726 2855 ab
769 2788 945 2856 Aeschine
988 2803 1296 2858 commemoratam
1338 2791 1514 2876 attingere

344 2895 487 2964 videtur

452 3024 596 3089 111377.
632 3031 730 3089 τοῦτο
764 3026 929 3108 μεμίσηται
962 3024 1050 3107 παρὰ
1085 3033 1130 3111 τῷ
1162 3025 1229 3110 θεῷ
1263 3023 1317 3086 καί
1349 3021 1437 3104 παρὰ
1464 3029 1513 3104 τῷ

345 3127 525 3220 σοφωτάτῳ
547 3132 713 3206 κολάζεται
735 3133 897 3214 νομοθέτῃ
921 3177 1054 3197 .....
1078 3119 1154 3213 παρ’
1178 3126 1303 3212 ἑτέροις
1326 3129 1361 3193 δὲ
1383 3129 1514 3200 καὶτὰς

343 3237 448 3329 δεξιὰς
470 3244 537 3302 τῶν
559 3239 713 3304 τοιούτων
735 3243 860 3321 νεκρῶν
884 3238 1079 3302 ἀποκόπτειν
1102 3237 1273 3303 ἐκέλετοαν.

345 3435 556 3444 a*

456 3563 478 3639 ¹)
503 3565 540 3622 de
565 3562 748 3621 carminibus
772 3562 989 3637 sepulcralibus
1011 3561 1087 3630 Lier,
1111 3561 1212 3637 topica
1229 3562 1394 3619 carminum
1412 3563 1511 3638 sepul-

347 3653 481 3721 cralium,
504 3654 607 3711 Philol.
630 3673 656 3710 v.
679 3651 750 3710 XVI
773 3671 803 3726 p.
826 3651 890 3711 577
918 3652 997 3730 „iam
1022 3653 1174 3727 quaeritur
1197 3671 1249 3709 cur
1272 3653 1394 3708 taudem
1416 3653 1510 3711 homi·

346 3742 436 3801 nibus
460 3744 540 3800 nulla
564 3759 634 3818 spes
657 3743 695 3799 sit
717 3741 819 3798 mortis
844 3741 1042 3816 effugiendae.
1091 3749 1192 3818 Atque
1214 3743 1316 3817 opinio
1334 3743 1414 3798 enim
1431 3741 1512 3817 apud

346 3839 465 3889 veteres
490 3832 640 3907 divulgata
662 3830 718 3888 fuit
741 3831 878 3887 homine·
901 3832 992 3887 vitam
1016 3849 1034 3887 a
1057 3840 1164 3888 natura
1187 3831 1343 3906 accepisse
1367 3850 1427 3889 nou
1444 3849 1512 3906 pro·

346 3921 443 3996 priam
473 3920 528 3977 sed
555 3929 704 3988 mutuam;
736 3921 808 3976 nihil
837 3921 891 3976 nisi
914 3921 992 3978 vitae
1017 3939 1103 3978 usum
1127 3920 1316 3996 fructumque
1341 3921 1512 3978 homiuibus

347 4028 414 4068 esse
450 4011 562 4067 datum.
610 4010 680 4078 Qua
708 4029 739 4067 re
769 4010 904 4066 debitum
933 4029 1032 4085 aequo
1064 4011 1164 4068 animo
1188 4011 1419 4085 persolvendum
1445 4027 1512 4067 esse

348 4100 399 4156 ubi
423 4099 553 4156 creditor
575 4108 736 4174 repeteret.
790 4099 877 4156 Haec
901 4101 1049 4158 sententia
1073 4101 1164 4156 vitam
1188 4119 1255 4158 esse
1279 4101 1433 4174 quoddam
1459 4099 1512 4155 de-

348 4189 444 4245 bitum
480 4189 633 4263 quoddam
668 4206 686 4245 a
714 4200 819 4246 natura
847 4201 983 4246 mutuum
1012 4191 1124 4253 datum,
1148 4191 1177 4245 in
1201 4191 1292 4247 titulis
1316 4189 1429 4245 Latinis
1453 4188 1512 4245 loci

347 4277 515 4337 communis
538 4277 598 4335 vim
622 4279 765 4339 obtinet!
