3468 5128
830 393 1050 456 ..33-

457 603 538 686 Quo
559 599 676 688 magis
705 611 825 668 autem
852 600 972 668 omnia
999 599 1036 668 in
1066 612 1233 690 promptu
1261 599 1334 668 sint
1362 611 1398 669 et
1427 623 1536 668 accu-

348 705 459 775 ratius
487 709 731 794 explanentur,
763 706 876 775 utitur
901 709 1081 795 Josephus
1115 707 1233 795 ligura
1260 729 1351 796 quae
1379 718 1530 776 vocatur

349 814 486 882 Graeca
517 837 537 881 a
561 813 685 883 Servio
716 813 753 881 in
777 813 875 902 Virg.
901 837 1024 882 comm.
1050 821 1078 902 8,
1102 820 1165 882 676
1177 816 1210 904 ¹),
1243 837 1350 904 quam
1378 815 1423 882 ad
1446 818 1529 904 ἐνέρ-

349 946 434 1006 γειαν
457 919 493 986 id
510 931 565 988 est
586 943 700 1010 paene
722 922 788 990 sub
808 923 928 989 oculos
951 944 1068 990 rerum
1092 921 1348 990 subiectionem
1371 919 1535 988 maxime

349 1026 514 1094 idoneam
542 1049 618 1095 esse
641 1038 677 1096 et
700 1027 861 1096 doctrina
884 1040 920 1097 et
943 1029 1114 1118 exemplis
1142 1030 1337 1096 ostendunt
1359 1029 1529 1096 rhetores,

350 1134 449 1218 Quas
473 1133 568 1200 enim
591 1133 717 1202 Theon
742 1137 843 1226 (rhet
868 1139 927 1206 Gr.
952 1141 989 1204 II
1013 1161 1044 1226 p.
1063 1141 1104 1204 63
1128 1135 1202 1224 Sp.)
1226 1159 1270 1202 ex
1291 1134 1467 1202 Aeschine
1490 1145 1535 1202 et.

349 1241 592 1309 Demosthene
619 1241 749 1330 petitas
780 1242 1020 1334 παραφράσεις
1047 1253 1106 1330 τῆς
1133 1246 1259 1316 πόλεως
1288 1246 1442 1315 ἁλώσεως
1469 1264 1535 1308 ex·-

350 1346 487 1414 scribit:

457 1458 491 1530 έξ
520 1445 663 1540 ἀνάγκης
685 1457 724 1542 ἦν
747 1458 824 1544 ὁρᾶν
850 1462 954 1525 ταῦτα
984 1455 1099 1526 πάντα
1125 1455 1229 1530 οἰκίας
1251 1459 1533 1544 κατεσκαμμένας,

349 1559 435 1646 τείχη
470 1562 692 1650 περιῃρημένα,
725 1566 837 1649 χώραν
871 1568 989 1652 ἔρημον
1018 1572 1086 1632 τῶν
1119 1568 1152 1631 έν
1183 1567 1296 1649 ἡλικίᾳ,
1329 1561 1449 1649 γύναια
1473 1566 1536 1632 καί

349 1665 510 1757 παιδάρια
533 1666 628 1752 ὀλίγα
651 1668 708 1736 καὶ
730 1668 914 1757 πρεσβύτας
937 1723 943 1737 .
968 1723 974 1737 .
999 1723 1005 1737 .
1029 1675 1104 1748 xrl„
1139 1694 1198 1738 eas
1222 1671 1300 1738 dico
1324 1669 1534 1738 invenimus.

350 1785 386 1841 et
412 1774 450 1840 in
479 1773 679 1842 orationum
707 1775 857 1864 epilogis
893 1777 977 1866 (VII
1007 1783 1130 1848 377188
1159 1803 1191 1868 p.
1217 1779 1274 1866 26)
1309 1788 1346 1845 et
1378 1775 1534 1846 mutatis-

349 1883 496 1969 paulum
519 1881 735 1971 variatisque
749 1884 875 1970 verbis,
898 1897 1110 1972 argumento
1126 1884 1284 1974 repetito,
1308 1887 1420 1952 forma
1436 1882 1534 1972 figu--

349 2011 409 2056 rae
432 2001 581 2076 servata,
604 1989 641 2057 in
665 1989 961 2079 descriptionibus
983 2004 1204 2061 vastatarum
1227 1991 1376 2060 urbium.

458 2101 493 2164 ΙΙ
510 2103 583 2166 465.
614 2099 654 2184 ἦν
678 2101 713 2165 δὲ
735 2101 814 2168 ἰδεῖν
829 2095 890 2181 τὰς
904 2099 1014 2175 πόλεις
1029 2101 1169 2193 ἀτάφων
1186 2099 1350 2187 σωμάτιον
1362 2103 1440 2169 ων
1453 2103 1533 2184 352,

351 2207 510 2290 111529,
547 2207 661 2272 multo
698 2205 831 2274 maiore
865 2206 901 2275 vi
940 2207 977 2275 in
1012 2207 1212 2295 imaginum
1251 2219 1287 2275 et
1326 2210 1532 2276 tabularum

351 2311 594 2398 descriptione,
618 2311 747 2399 quibus
763 2312 964 2400 triumphus
988 2325 1024 2381 et
1049 2317 1192 2382 fortuna
1207 2315 1383 2383 victorum
1399 2317 1533 2402 Judae-

351 2439 452 2485 orum
476 2416 682 2505 depingitur
705 2429 741 2486 et
763 2419 979 2506 exprimitur.

457 2528 618 2594 V11134.
654 2523 797 2612 ἀργύρου
816 2519 879 2612 γὰρ
902 2529 956 2594 καί
978 2538 1102 2616 χρυσοῦ
1124 2531 1178 2596 καὶ
1202 2532 1374 2615 ἐλέφαντος
1396 2534 1429 2597 έν
1445 2556 1531 2598 παν-

350 2637 447 2708 τοίαις
475 2631 578 2714 ἰδέαις
600 2632 923 2720 κατασκευασμάτων
945 2636 985 2721 ἦν
1008 2638 1089 2725 ὁρᾶν
1112 2668 1146 2692 ω
1166 2640 1237 2707 VII
1265 2643 1335 2722 138,
1359 2641 1428 2706 VII
1457 2641 1528 2702 142.

457 2740 646 2829 Triumphi
675 2752 795 2809 autem
823 2741 1095 2831 descriptionem
1123 2754 1160 2812 et
1187 2767 1229 2812 ea
1251 2746 1367 2827 verba,
1398 2742 1529 2829 quibus

351 2847 498 2936 exponit
521 2850 698 2937 quomodo
721 2849 816 2918 cives
839 2860 876 2918 et
895 2852 979 2918 urbs
1002 2850 1250 2939 imperatorem
1266 2848 1527 2933 Vespasianum

352 2967 559 3043 exspectent
581 2966 618 3024 et
640 2955 819 3044 recipiant,
848 2980 892 3023 ex
915 2955 1068 3024 officinis
1092 2957 1273 3022 rhetorum
1295 2949 1467 3039 prodiisse
1490 2959 1530 3019 et

351 3060 388 3127 in
413 3083 528 3147 genus
552 3058 773 3132 ἐπιδεικτικὸν
796 3074 833 3130 et
855 3056 1111 3147 ἐγκωμιαστικὸν
1135 3061 1267 3142 cadere,
1291 3080 1310 3124 e
1331 3055 1467 3124 tumida
1491 3067 1532 3124 et:

351 3165 495 3254 turgida
529 3166 715 3234 inflatione
751 3178 870 3255 potest
907 3166 1083 3254 cognosci,
1122 3163 1223 3232 cuius
1262 3164 1440 3252 ampullae
1476 3165 1533 3231 in-

352 3272 602 3361 scriptionibus
629 3272 682 3359 iis,
717 3272 844 3361 quibus
873 3273 1051 3340 subiectae
1081 3282 1207 3360 gentes
1244 3271 1406 3339 dominos
1442 3273 1527 3339 cele-

352 3381 511 3466 brabant,
535 3390 598 3448 aut
619 3391 663 3470 τῷ
682 3382 758 3448 εἴδει
780 3387 848 3447 τῶν
871 3377 1090 3469 ἐπιβατηρίων
1113 3389 1199 3447 sunt
1227 3378 1362 3464 affines
1387 3380 1430 3446 de
1454 3378 1529 3467 qui-

352 3489 419 3555 bus
437 3488 631 3555 Menander
654 3490 708 3552 111
724 3509 758 3574 p.
776 3491 841 3554 380
865 3497 902 3554 et
924 3492 989 3554 427
1005 3487 1065 3574 Sp.
1084 3487 1192 3556 verba
1215 3487 1307 3556 facit.
1344 3491 1397 3556 Ut
1412 3509 1532 3574 genus

354 3605 474 3662 autern
490 3592 735 3682 descriptionis
752 3592 921 3682 triumphi
937 3593 1126 3682 intelligas,
1148 3597 1338 3662 nonnullas
1354 3593 1536 3674 dictiones

354 3702 476 3772 affero:
1385 3769 1387 3774 .

461 3811 532 3876 VII
550 3812 600 3875 64.
634 3809 763 3897 μακρὰν
785 3811 907 3878 ἀπόντα
930 3811 977 3884 ὡς
998 3813 1123 3896 ἥκοντα
1146 3819 1321 3896 περιεῖπον,
1344 3812 1404 3896 τὴν
1426 3835 1534 3895 προσ·-

354 3913 470 3982 δοκίαν
493 3915 530 3982 ἐκ
552 3921 609 3980 τοῦ
632 3917 723 3982 πάνυ
747 3919 852 3984 θέλειν
874 3920 983 4002 ἄφιξιν
1006 3921 1103 3985 αὐτοῦ
1126 3921 1322 4002 νομίζοντες.

460 4023 602 4090 V1169.
638 4024 677 4090 οὐ
711 4025 776 4109 μὴν
810 4025 886 4092 οὐδὲ
919 4032 984 4092 τῶν
1018 4026 1125 4092 ἄλλων
1157 4051 1204 4098 τις
1231 4029 1374 4110 ἠνείχετο
1397 4033 1456 4110 τῆς
1478 4027 1538 4090 έν·-

466 4234 490 4324 l)
514 4241 551 4300 cf.
567 4243 708 4312 woltun,
731 4243 840 4304 Archiv
863 4243 910 4302 ffir
932 4245 983 4303 lat.
998 4244 1154 4321 Lexikogr.
1177 4243 1322 4310 1113516
1347 4252 1393 4304 est
1416 4244 1538 4304 videre.
