3468 5128
652 397 874 462 ..67-

158 627 323 696 operam
359 609 459 675 daret
481 608 670 695 Josephus,
705 617 746 674 ut
769 607 965 675 orationem
989 607 1163 691 conderet,
1195 605 1358 695 periodos

168 725 418 802 componeret,
441 713 600 780 membra
623 712 834 802 disponeret,
866 713 937 782 iam
961 713 1045 782 hinc
1068 725 1289 781 transeamus
1313 715 1358 780 ad
1473 739 1474 744 ¹

664 947 878 1029 sententlas‚

171 1113 269 1176 quas
293 1089 420 1158 Graeci
445 1100 575 1157 vocant
599 1093 731 1173 γνώμας
753 1100 789 1156 et
812 1099 948 1156 veteres
972 1087 1130 1156 rhetores
1154 1090 1198 1156 ad
1215 1111 1358 1156 causam

172 1207 264 1284 apte
287 1197 534 1264 accomodatas
558 1194 754 1262 orationem
778 1207 814 1262 et
836 1193 1030 1282 pleniorem
1053 1206 1090 1262 et
1112 1194 1356 1261 iucundiorem

172 1313 217 1369 et
240 1303 438 1370 uberiorem
462 1301 656 1370 reddidisse
680 1303 883 1368 docuerunt

289 1426 605 1516 Distinguentibus
640 1437 760 1492 autem
795 1424 897 1492 nobis
930 1426 1187 1494 sententiarum
1216 1447 1356 1512 quoque

171 1556 234 1600 res
259 1545 295 1601 et
317 1537 475 1619 formam,
499 1545 645 1624 apparet
668 1544 921 1620 argumentum
944 1533 1201 1602 sententiarum
1224 1555 1355 1620 paucos

172 1642 275 1708 locos
299 1640 483 1728 complecti
508 1652 543 1708 et
567 1640 667 1728 quasi
692 1639 895 1726 tralatici0s3
920 1640 1133 1728 quicumque
1157 1640 1252 1708 enim
1271 1662 1356 1728 pau-

172 1748 254 1813 lum
277 1748 462 1816 historiam
486 1746 737 1836 gnomologiae
764 1747 990 1836 perspexerit,
1020 1771 1092 1815 non
1117 1747 1298 1835 ignorabit
1320 1756 1357 1813 et

174 1876 247 1920 usu
282 1855 608 1941 consuetudineque
636 1853 846 1940 scriptorum
877 1867 913 1921 et
936 1850 1137 1920 scholarum
1160 1852 1356 1920 exercitati-

175 1961 306 2029 onibus
345 1985 418 2029 rem
461 1985 503 2028 eo
542 1962 731 2027 deductam
770 1983 859 2044 esse,
899 1971 940 2026 ut
978 1961 1122 2026 eaedem
1157 1957 1355 2025 sententiae

176 2069 372 2157 eademque
409 2068 590 2157 proposita
628 2090 699 2133 non
738 2069 844 2132 modo
884 2067 978 2153 apud
1014 2087 1137 2132 omnes
1168 2063 1355 2153 scriptores

175 2176 411 2261 posteriorum
436 2185 635 2262 temporum
658 2185 721 2240 aut
744 2172 880 2241 variata
896 2184 959 2240 aut
974 2171 1200 2240 deflectentia
1215 2173 1260 2238 ad
1277 2193 1357 2236 con-

176 2281 324 2349 trarium
336 2305 438 2351 versa
454 2281 617 2366 redirent,
634 2282 695 2349 sed
712 2281 820 2348 etiam
832 2303 874 2347 ea
885 2279 1110 2366 potissimum
1121 2281 1354 2368 probarentur

176 2398 213 2454 et
235 2390 423 2475 placerent,
457 2412 547 2478 quae
569 2388 699 2457 iterum
722 2400 829 2477 atque
852 2386 981 2456 iterum
1005 2387 1156 2478 repetita
1178 2387 1229 2454 ita
1253 2397 1354 2453 erant

175 2497 388 2582 pervulgata
429 2507 464 2562 et
503 2519 665 2564 sermone
700 2496 796 2582 trita,
832 2507 873 2563 ut
906 2520 1019 2585 paene
1058 2495 1095 2562 in
1135 2519 1239 2563 usum
1277 2517 1355 2581 pro-

175 2599 288 2666 verbii
318 2601 490 2682 venirent,
525 2605 717 2670 dummodo
751 2627 846 2670 nova
873 2604 1010 2670 ratione
1033 2615 1069 2669 et
1091 2601 1194 2668 novis
1218 2599 1354 2667 facetiis

176 2713 419 2768 tractarentur.

288 2827 474 2911 Quomodo
497 2827 541 2893 fit
556 2839 597 2893 ut
611 2830 790 2916 Josephus
813 2851 953 2918 quoque
968 2830 1070 2897 nobis
1092 2834 1188 2915 τύχην
1204 2841 1240 2896 et
1255 2833 1353 2915 τύχης

175 2937 358 3022 μεταβολάς
373 2945 409 3002 et
423 2937 550 3020 φθόνον
566 2933 765 3022 similiaque
774 2935 795 3023 ¹)
819 2938 991 3021 producat
1011 2947 1047 3004 et
1062 2935 1154 3022 aptis
1171 2948 1207 3004 et
1221 2933 1353 3024 ineptis

177 3040 399 3127 dictionibus,
432 3042 575 3129 quaesi
599 3042 677 3130 quis
709 3042 874 3130 reliquias
909 3043 1118 3131 scriptorum
1142 3043 1353 3117 Latinorum

176 3148 271 3216 illius
303 3149 430 3217 aetatis
460 3151 563 3218 nobis
590 3162 748 3219 servatas
778 3162 898 3219 mente
922 3151 1226 3238 comprehenderit
1257 3151 1352 3238 apud

176 3255 263 3326 alios
294 3279 470 3324 recurrere
493 3258 659 3327 inveniet.
707 3261 932 3346 Quamquam
955 3282 1038 3327 vero
1065 3282 1180 3347 neque
1204 3270 1352 3326 conatus

176 3374 230 3431 est
263 3386 379 3451 neque
413 3363 444 3430 ei
481 3365 641 3453 contigit,
676 3379 717 3434 ut
750 3367 786 3433 id
822 3368 916 3453 quod
950 3367 1026 3454 ipse
1052 3365 1190 3433 videret
1224 3375 1287 3432 aut
1319 3363 1350 3430 ei

175 3483 379 3554 occurreret,
412 3493 431 3539 e
454 3472 595 3560 propria
626 3496 743 3540 rerum
768 3472 1066 3564 contemplatione
1094 3471 1131 3539 in
1155 3469 1351 3539 sententias

175 3577 340 3646 omnibus
363 3578 566 3667 perspicuas
596 3579 750 3668 lingeret
780 3592 816 3648 et
839 3583 1013 3665 formaret,
1045 3602 1135 3667 quae
1165 3579 1202 3645 in
1227 3599 1350 3644 omnes

175 3695 292 3774 partes
304 3686 464 3753 valerent
480 3698 515 3754 et
530 3687 694 3774 vigerent
710 3698 746 3754 et
757 3687 900 3776 penitus
916 3690 1103 3756 haererent
1117 3685 1154 3753 in
1171 3683 1350 3770 memoria,

176 3801 293 3858 tamen
333 3816 353 3860 a
391 3792 643 3880 posterioribus
686 3794 762 3862 sive
807 3818 828 3862 a
868 3795 994 3863 Photio
1032 3795 1228 3874 laudatur2)
1275 3791 1350 3862 sive

175 3921 195 3963 a
217 3899 370 3966 Stobaeo
394 3899 614 3988 aliorumque
636 3901 820 3989 florilegiis
844 3905 998 3971 affertur.

172 4041 386 4056 *-

283 4135 307 4212 ¹)
330 4136 464 4196 Luetzen
487 4141 506 4196 1.
522 4142 540 4198 Ι.
563 4161 591 4216 p.
609 4139 661 4201 27.

281 4238 308 4325 ²)
332 4261 422 4320 supra
445 4265 475 4321 p.
491 4245 521 4306 2.
