3468 5128
867 432 1065 498 ..4-

381 663 462 710 cum
485 640 592 711 iidem
617 642 685 711 loci
709 666 813 731 saepe
835 643 872 710 in
897 643 1026 712 scholis
1048 642 1185 732 pertriti
1208 644 1289 730 sint,
1312 656 1353 712 ut
1375 643 1405 712 is
1429 644 1489 733 qui
1506 643 1550 713 iis

381 759 546 836 uteretur,
573 749 635 818 vix
661 750 849 819 lectionem
878 751 1086 840 scriptorum
1108 752 1274 841 ipsorum,
1299 775 1320 819 a
1343 751 1471 840 quibus
1494 753 1551 819 de-

380 855 512 944 sumpti
540 867 648 942 erant,
675 856 712 924 in
740 858 946 926 memoriam
974 858 1040 926 sibi
1064 869 1250 928 revocaret.
1298 851 1411 926 Multo
1434 857 1550 947 magis

381 976 500 1032 autem
532 986 638 1032 usum
670 975 706 1033 et
738 988 852 1053 genus
880 965 1019 1034 dicendi
1047 978 1084 1034 et
1107 966 1280 1035 tractandi
1304 965 1551 1055 adhibitasque

379 1073 548 1140 formulas
583 1072 731 1160 Josephi
763 1073 933 1162 exemplis
965 1074 1132 1142 declarari
1166 1085 1202 1143 et
1233 1073 1414 1161 explanari
1447 1095 1550 1160 posse

380 1201 505 1247 censeo
528 1178 572 1247 iis
600 1202 690 1268 quae
718 1203 737 1248 e
764 1180 921 1268 priorum
944 1191 1007 1249 aut
1028 1179 1262 1270 posteriorum
1285 1180 1424 1268 scriptis
1448 1192 1550 1248 etex

379 1285 441 1354 illa
464 1298 579 1355 aetate
602 1298 687 1356 sunt
709 1299 858 1376 sumpta
905 1289 1092 1374 Quomodo
1114 1288 1158 1356 fit
1180 1298 1221 1355 ut
1242 1288 1339 1355 haud
1355 1286 1550 1376 quisquam,

381 1394 492 1480 cred0,
525 1395 679 1479 miretur,
711 1395 805 1482 quod
836 1396 945 1463 verba
977 1394 1218 1482 dictionesque
1248 1405 1437 1482 argenteae
1460 1416 1550 1483 quae

381 1511 528 1568 vocatur
548 1499 736 1568 latinitatis
759 1503 963 1587 afferuntur,
987 1525 1056 1590 qua
1078 1501 1169 1569 inre
1193 1501 1336 1589 quidem
1358 1502 1474 1589 magis
1497 1512 1551 1569 est

380 1609 508 1675 modus
532 1609 752 1696 quaerendus
776 1631 882 1695 quam
906 1608 1015 1695 copia.

488 1718 589 1800 Quae
611 1714 779 1803 quoniam
802 1714 838 1780 in
862 1714 1068 1784 universum
1092 1717 1136 1783 de
1159 1715 1296 1802 origine
1312 1726 1348 1783 et
1362 1718 1461 1784 fonte
1475 1739 1551 1784 ver-

380 1824 506 1890 borum
537 1821 796 1910 praemittenda
826 1821 915 1888 mihi
947 1846 1023 1893 esse
1055 1824 1188 1912 putavi,
1216 1845 1312 1890 nunc
1342 1835 1481 1892 transeo
1505 1824 1552 1890 ad·

379 1928 600 2017 propositum
622 1929 748 2018 ipsum,
772 1941 947 2017 quatenus
969 1931 1147 2018 Josephus
1171 1941 1207 1997 et
1229 1932 1386 1997 rhetores
1410 1929 1446 1996 in
1472 1952 1551 1997 con-

383 2038 498 2103 dendo
515 2037 827 2126 componendoque
843 2059 947 2125 opere
963 2049 1074 2105 artem
1090 2027 1300 2105 rhetoricam
1316 2036 1549 2104 adhibuerint

379 2145 498 2232 Atque
530 2166 610 2211 cum
642 2145 779 2212 duabus
807 2168 826 2211 e
853 2147 958 2212 rebus
989 2156 1126 2213 constet
1149 2168 1247 2234 opus,
1271 2169 1314 2212 ex
1338 2154 1549 2230 argumento

382 2261 418 2318 et
440 2252 560 2336 forma,
583 2251 737 2340 primurn

821 2453 865 2519 de
889 2433 1104 2537 argumento

382 2591 550 2659 disseram
585 2601 621 2659 et
654 2590 815 2679 singulos
849 2594 944 2660 locos
974 2594 1140 2678 tractabo,
1170 2586 1230 2680 qui
1259 2594 1303 2660 ab
1330 2589 1550 2659 historicise

264 2761 268 2770 .
381 2700 485 2767 rebus
514 2699 624 2786 gestis
652 2699 777 2766 delecti
806 2711 842 2768 et
869 2699 991 2768 inserti
1019 2701 1159 2768 scholae
1187 2699 1382 2789 praeceptis
1411 2710 1446 2766 et
1468 2696 1549 2764 usui

382 2831 403 2874 a
429 2807 603 2875 tabantur.

403 2829 427 2894 p
487 2917 539 2981 Ac
554 2914 708 3002 primum
724 2914 866 3003 quidem
881 2916 952 2982 huc
967 2927 1111 3002 spectat,
1127 2916 1221 3002 quod
1236 2913 1358 3001 paucis
1373 2911 1550 2997 attingere

381 3020 470 3087 mihi
493 3021 605 3107 liceat,

665 3219 897 3302 prooemium
921 3218 1044 3301 operis
1068 3219 1107 3302 (Ι,
1132 3217 1266 3302 1-30),

383 3361 476 3448 quod
511 3384 555 3428 ex
589 3381 656 3428 usu
684 3359 843 3426 omnium
870 3362 942 3426 fere
969 3357 1178 3447 scriptorum
1207 3359 1308 3426 aliter
1335 3382 1376 3426 ac
1398 3357 1549 3445 reliquas

382 3480 499 3558 partes
528 3469 642 3556 operis
670 3465 842 3535 tralaticia
851 3469 875 3551 ¹)
898 3470 1050 3554 quadam
1073 3467 1210 3535 ratione
1233 3476 1450 3534 exstructum
1474 3487 1549 3531 esse

383 3599 465 3644 cum
488 3586 627 3647 constat
650 3587 727 3643 tum
750 3598 794 3641 ex
821 3573 882 3641 illa
905 3574 1150 3642 dissertatione
1167 3572 1410 3659 Lieberichii2)
1433 3581 1550 3660 potest

384 3683 558 3772 cognosci,
593 3682 653 3770 qui
688 3680 930 3769 quaestionem
964 3693 1203 3770 perscrutatus
1232 3678 1379 3766 Josephi
1410 3700 1549 3766 quoque

382 3793 474 3859 bello
496 3789 646 3876 Judaico
670 3787 829 3856 adhibito
852 3799 945 3856 recte
968 3811 1056 3876 quos
1079 3791 1174 3856 locos
1197 3812 1218 3854 a
1232 3785 1452 3873 Thucydidis
1475 3784 1550 3851 imi-

383 3897 526 3982 tatione,
554 3919 642 3984 quos
671 3919 714 3962 ex
742 3917 809 3962 usu
837 3895 1033 3983 sumpserit,
1062 3919 1149 3984 quos
1177 3893 1370 3978 novaverit,
1398 3893 1550 3980 denique

383 4004 443 4092 qui
466 4003 498 4071 ei
523 4026 603 4070 cum
627 4001 703 4069 aliis
727 4002 954 4090 scriptoribus
978 4025 1181 4070 communes
1201 4001 1281 4085 sint,
1305 3999 1477 4068 eiusmodi
1493 4023 1550 4066 ex-

494 4206 519 4284 ι)
543 4207 675 4276 Norden,
698 4207 806 4264 Antike
829 4207 1017 4282 Kunstprosa
1040 4227 1070 4282 p.
1095 4204 1169 4266 432.

491 4295 519 4379 ²)
542 4295 1446 4371 StudienzurGeschichtedesgriech.Prodmiums‚Mfinchen
1457 4291 1550 4353 1898.
