3468 5128
820 403 862 418 ...
909 369 1040 432 68...

455 578 623 666 Sequitur
645 589 687 645 ut
708 599 822 665 pauca
846 579 1024 644 deforma
1048 577 1305 646 sententiarum
1338 575 1462 656 dicam,
1486 576 1524 644 in

348 709 419 773 qua
442 685 645 752 disserenda
675 684 777 752 facile
804 694 922 771 potest
953 683 1121 770 cognosci
1144 683 1289 754 Senecis
1312 684 1525 772 Asianisque

348 793 408 880 qui
426 803 604 875 vocantur,
629 791 688 878 qui
713 792 970 858 accusabantur
993 793 1087 878 quod
1110 791 1217 858 nimis
1241 802 1362 858 acutas
1386 803 1525 858 senteu-

348 899 416 966 tias
433 909 469 965 et
483 897 664 965 vibrantes
680 908 717 964 et
732 897 927 964 concitatas
951 909 1210 985 componerent,
1233 899 1432 985 Josephum
1451 921 1523 965 uon

349 1028 426 1072 esse
449 1005 763 1088 adnumerandum,
795 1005 863 1072 uisi
891 1007 982 1072 forte
1012 1006 1083 1071 huc
1106 1006 1201 1072 dicta
1231 1003 1411 1092 pertinent
1434 1027 1525 1091 quae

348 1111 465 1179 verbis
489 1115 548 1179 οὐκ
571 1117 610 1178 ἂν
633 1116 769 1201 ἁμάρτοι
792 1139 841 1192 τις
864 1116 970 1178 εἰπών
993 1111 1195 1180 introducta
1218 1111 1371 1178 breviter
1393 1134 1525 1198 presse-

350 1242 497 1306 queres
521 1219 699 1306 expositas
723 1221 941 1286 concludunt
964 1229 999 1285 et
1023 1221 1305 1306 complectuntur
1328 1219 1427 1285 velut

456 1329 579 1392 11175.
613 1329 665 1392 καὶ
699 1330 759 1393 οὐκ
792 1331 832 1391 ἂν
867 1329 1002 1411 ἁμάρτοι
1034 1352 1081 1399 τις
1109 1328 1208 1393 εἰπὼν
1229 1327 1285 1405 τὰς
1307 1327 1366 1409 μὲν
1388 1328 1526 1410 μελέτας

351 1437 458 1500 αὐτῶν
491 1436 589 1517 χωρὶς
624 1437 757 1516 αἵματος
779 1437 982 1516 παρατάξεις,
1016 1435 1075 1505 τὰς
1096 1436 1291 1516 παρατάξεις
1314 1435 1348 1499 δὲ
1370 1423 1452 1517 μεθ>
1476 1435 1523 1498 αῖ-

347 1566 451 1624 ματος
472 1539 607 1624 μελέτας
618 1541 696 1606 NV
710 1544 739 1622 4,
763 1542 779 1604 I
798 1544 870 1604 470.
906 1541 960 1604 τὸν
982 1537 1056 1623 βίον
1075 1541 1134 1604 οὐκ
1151 1543 1190 1604 ἂν
1205 1543 1349 1625 ἥμαρτέν
1363 1565 1410 1612 τις
1426 1541 1526 1606 εἰπὼν

348 1650 518 1732 μυστήριον
541 1647 667 1725 κακίας.

457 1752 682 1819 Collocantur
704 1761 825 1818 autem
856 1749 1054 1818 sententiae
1085 1751 1225 1838 saepius
1256 1750 1292 1817 in
1317 1751 1390 1818 fine
1419 1753 1525 1818 modo

351 1861 588 1926 clausularum
611 1858 712 1947 quasi
729 1859 899 1947 epimetro
923 1859 1051 1946 quibus
1074 1859 1270 1947 praemittit
1292 1860 1401 1927 verba
1423 1861 1525 1926 πολλὰ

352 1958 381 2033 δ’
405 1971 444 2033 ἄν
467 1994 510 2040 τις
534 1971 652 2034 ἐννοῶν
675 1978 711 2034 et
733 1957 977 2053 καταμέμψαιτ’
1002 1971 1041 2033 ἄν
1063 1995 1118 2048 τις
1140 1978 1176 2034 et
1198 1971 1278 2034 ἔνθα
1303 1969 1342 2052 δὴ
1367 1977 1403 2033 et
1434 1968 1527 2034 οὐδὲν

350 2075 410 2160 γὰρ
435 2077 489 2150 ὡς,
513 2073 625 2141 rarius
648 2073 685 2142 in
710 2073 812 2141 initio
837 2074 1006 2141 orationis
1017 2076 1049 2162 ¹),
1081 2074 1170 2142 aliae
1194 2073 1230 2140 in
1254 2072 1526 2160 parenthesibus

349 2181 386 2247 in
427 2181 555 2267 quibus
594 2180 744 2268 ellipsim
783 2181 881 2248 verbi
920 2185 999 2248 εῖναι
1037 2181 1195 2265 adhibet,
1246 2179 1335 2248 aliae
1374 2179 1526 2267 denique

349 2285 522 2373 particula
560 2289 621 2371 γὰρ
660 2287 928 2374 coniunguntur
962 2298 1025 2354 aut
1063 2287 1268 2372 asyndetica
1302 2286 1439 2354 ratione
1475 2285 1526 2352 in-

352 2402 526 2458 seruntur.

650 2589 736 2678 περῖ
760 2593 880 2676 τύχης
900 2593 965 2658 καί
987 2593 1226 2676 μεταβολῶν.

458 2735 545 2814 ὀξεῖα
567 2735 626 2818 μὲν
648 2737 789 2820 πολέμου
804 2738 898 2820 ῥοπή,
922 2742 989 2801 τῶν
1006 2725 1035 2800 δ’
1052 2733 1270 2820 ἀνθρωπίνων
1287 2735 1379 2800 οὐδὲν
1394 2737 1527 2817 βέβαιον

230 2849 232 2854 ’
351 2843 406 2906 III
425 2845 497 2906 396.

458 2952 529 3014 οὔτε
562 2951 601 3015 τὸ
637 2952 801 3034 δυστυχεῖν
825 2953 895 3014 οὔτε
918 2951 1101 3013 τούναντίον
1124 2949 1157 3010 ἐν
1184 2946 1370 3025 ἀνθρώποις
1383 2945 1526 3024 βέβαιον,

351 3045 420 3119 ἀλλ’
444 3058 523 3119 ἔστιν
546 3057 627 3121 ἰδεῖν
650 3055 903 3139 ἐπαμειβομένην
927 3051 973 3124 εἷς
996 3050 1127 3136 ἑκάτερα
1149 3051 1205 3132 τὴν
1221 3051 1325 3132 τύχην.
1373 3049 1479 3116 Ι374.

458 3161 536 3223 ἀλλὰ
560 3161 618 3246 γὰρ
641 3163 679 3225 οὐ
704 3161 839 3225 δυνατὸν
863 3160 1049 3240 ἀνδρώποις
1070 3157 1109 3222 τὸ
1132 3157 1238 3243 χρεῶν
1262 3157 1427 3239 διαφυγεῖν
1451 3158 1527 3223 οὐδὲ

353 3267 603 3354 προορωμένοις
618 3267 669 3333 VI
683 3270 747 3330 314
760 3293 795 3322 cx>
807 3266 857 3331 Vl
872 3268 946 3348 395,
971 3266 1023 3333 IV
1036 3268 1087 3347 40,
1111 3265 1163 3332 IV
1175 3265 1226 3346 42,
1251 3264 1302 3332 VI
1313 3265 1363 3346 63,
1387 3266 1438 3332 VI
1455 3267 1525 3347 176,

352 3375 498 3457 111440,
523 3375 630 3457 1373,
653 3375 704 3442 VI
722 3376 795 3456 267,
819 3374 853 3440 V
869 3375 942 3455 461,
968 3373 983 3436 Ι
1002 3375 1074 3436 208.

457 3489 522 3561 τοῖς
555 3482 698 3566 μὲνγὰρ
722 3483 756 3555 ἐξ
779 3481 909 3564 ἀδήλων
932 3482 1137 3546 ἐπιπεσοῦσιν
1159 3479 1275 3551 δεινοῖς
1297 3479 1336 3544 τὸ
1360 3486 1437 3562 γοῦν
1460 3480 1525 3544 ἐλε-

352 3591 459 3655 εῖσδαι
481 3591 645 3672 περίεστιν,
669 3589 687 3652 ὁ
711 3579 741 3654 δ’
757 3583 804 3658 εἶς
825 3588 988 3672 πρόδηλον
1010 3587 1175 3652 ἀπώλειαν
1193 3589 1338 3670 ὁρμήσας
1352 3587 1407 3651 κοιλ
1423 3605 1526 3672 προσ-

352 3697 544 3771 ονειδίζεται.
592 3697 717 3760 11396.

460 3801 512 3887 (cf.
531 3798 716 3884 Polybium
732 3803 768 3868 II
783 3806 811 3885 7,
828 3807 853 3868 l.
888 3803 928 3867 τδ
946 3802 1005 3886 μὲν
1021 3801 1081 3891 γὰρ
1098 3803 1288 3888 ἀνθρώπους
1309 3788 1406 3878 δντας
1420 3819 1526 3883 παρα-

253 3955 261 3972 ,
352 3909 458 3992 λόγιος
480 3915 663 3994 περιπεσεῖν
685 3934 744 3976 τινι
766 3916 830 3975 τῶν
854 3911 966 3975 δεινῶν
990 3911 1028 3976 οὐ
1051 3915 1119 3974 τῶν
1141 3909 1323 3981 παθόντων,
1350 3914 1406 3990 τῆς
1426 3908 1528 3990 τύχης

354 4017 467 4082 δὲκαὶ
491 4018 686 4100 πραξάντων
709 4016 796 4084 ἐστὶν
819 4019 970 4102 ἔγκλημα,
1004 4017 1044 4082 τὸ
1068 4005 1099 4080 δ’
1114 4017 1251 4100 ἀκρίτως
1272 4015 1327 4080 καλ
1348 4019 1528 4097 προφανῶς

464 4211 489 4298 ¹)
513 4234 602 4293 supra
625 4238 655 4292 p.
672 4217 701 4278 7.
