3468 5128
844 419 1065 481 ,νημ-

866 629 1035 716 epllogls,

364 777 579 842 quamquam
607 765 734 822 natura
761 776 878 822 rerum
899 755 1031 822 multos
1064 755 1256 822 consensus
1284 755 1393 822 habet
1416 753 1537 840 oratio,

366 872 484 928 tamen
507 884 581 928 rem
605 862 650 929 ad
674 861 887 949 gravitatem
910 862 1088 950 quandam
1112 872 1148 930 et
1170 863 1319 929 allectus
1349 872 1538 949 motusque

366 967 593 1036 concitandos
617 968 754 1037 attollit
802 973 885 1036 Huc
900 968 1054 1057 pertinet
1075 968 1263 1057 praecipue
1287 967 1448 1056 epilogus
1464 991 1538 1036 ora-

366 1075 472 1142 tionis
494 1098 557 1162 pro
580 1087 693 1144 morte
722 1075 924 1144 voluntaria
952 1076 1104 1162 habitae,
1137 1098 1242 1164 quem
1269 1075 1434 1156 omnibus
1458 1074 1538 1143 arti-

365 1181 455 1249 ficiis
479 1181 673 1250 rhetoricae
695 1183 856 1250 luxuriae
879 1193 916 1250 et
938 1183 1065 1271 figuris
1089 1177 1245 1253 exornat
1292 1184 1398 1269 Quod
1420 1181 1537 1270 magis

366 1288 508 1376 quidem
524 1289 640 1358 verbis
655 1289 741 1378 ipsis
764 1289 908 1378 patebit,
932 1290 1060 1380 quibus
1081 1292 1125 1358 ad
1141 1291 1404 1379 explanandum
1422 1312 1537 1379 genus

365 1419 479 1484 pauca
502 1399 663 1484 exempla
686 1396 819 1464 addidi:

472 1508 543 1590 Jos
560 1507 630 1573 VII
647 1509 720 1572 384.
744 1507 857 1572 ἄθλιοι
878 1507 937 1592 μὲν
960 1509 992 1573 οῖ
1012 1509 1079 1574 νέοι
1094 1513 1151 1592 τῆς
1164 1509 1279 1598 ῥώμης
1292 1513 1357 1572 τῶν
1372 1508 1538 1591 σωμάτων

367 1615 410 1684 εἰς
433 1613 559 1691 πολλὰς
581 1610 688 1685 αἰκίας
710 1611 905 1698 ἀρκέσοντες,
929 1615 1036 1681 ἄθλιοι
1060 1615 1095 1680 δὲ
1117 1610 1150 1680 οἱ
1174 1615 1406 1704 παρηβηκότες
1427 1636 1462 1659 Ν

473 1719 661 1791 Lesbonax
684 1722 720 1785 ΙΙ
745 1723 811 1789 617.
835 1721 950 1788 ἄθλιοι
965 1717 997 1787 oi
1015 1723 1148 1808 πατέρες
1170 1723 1367 1809 στερηθέντες
1388 1730 1444 1806 τῆς
1459 1725 1537 1807 ἡμε-

366 1829 460 1911 τέρας
484 1829 684 1912 προσόψεως
705 1880 712 1896 .
730 1879 738 1894 .
755 1826 827 1920 ἀντὶ
852 1827 888 1896 δὲ
910 1825 1084 1913 καλλίστης
1106 1830 1285 1916 ἐλευθερίας
1307 1831 1350 1902 εἰς
1375 1826 1537 1914 αἰσχίστην

370 1935 510 2000 δουλείαν
533 1936 772 2020 καθιστάμενοι,
796 1931 928 2021 οἰκτροὶ
952 1938 984 2001 αἱ
1000 1926 1146 2020 γυναῖκες
1167 1939 1378 2004 καθίστανται.

472 2044 722 2126 Jos.V11385.
758 2044 882 2128 ὄψεταί
912 2069 959 2117 τις
987 2051 1122 2130 γυναῖκα
1154 2045 1237 2128 πρὸς
1266 2041 1342 2129 βίαν
1370 2045 1536 2130 ἀγομένην,

367 2157 479 2238 φωνῆς
502 2148 710 2218 ἐπακούσεται
731 2153 851 2218 τέκνον.

473 2260 545 2322 382.
570 2259 656 2344 ὕβρις
671 2256 727 2324 καί
744 2259 872 2324 δουλεία
887 2256 944 2324 καὶ
959 2258 997 2323 τό
1012 2257 1149 2343 βλέπειν
1164 2265 1314 2346 γυναῖκας
1329 2260 1372 2330 εἰς
1383 2255 1537 2344 αἰσχύνην

367 2366 526 2452 ἀγομένας
557 2365 635 2448 μετὰ
669 2368 791 2432 τέκνων
825 2368 884 2431 οὐκ
908 2368 987 2430 ἔστιν
1010 2367 1205 2450 ἀνθρώποις
1226 2366 1328 2431 κακὸν
1350 2364 1387 2432 ἐκ
1410 2367 1538 2450 φύσεως

368 2474 538 2555 ἀναγκαῖον
573 2472 649 2536 ἀλλὰ
684 2480 780 2538 ταῦτα
814 2472 865 2537 διὰ
887 2473 944 2556 τὴν
967 2463 1076 2538 αὑτῶν
1111 2473 1227 2539 όειλίαν
1259 2475 1484 2558 ὑπομένουσιν
1507 2477 1537 2540 οἱ

366 2579 471 2664 παρὸν
495 2579 564 2663 πρὸ
588 2582 694 2646 αὐτῶν
717 2581 901 2646 ἀποθανεῖν
922 2580 967 2664 μὴ
991 2581 1198 2664 θελήσαντες.

473 2688 633 2778 V11376.
667 2685 838 2775 πρόρριζος
859 2687 954 2760 πόλις
977 2685 1013 2754 ἐκ
1036 2689 1173 2773 βάθρων
1197 2689 1408 2775 ἀνήρπασται.

474 2825 508 2847 ω
526 2791 650 2866 Livius
667 2797 718 2878 26,
739 2798 785 2879 13,
806 2799 853 2861 14.
893 2793 1012 2882 itaque
1029 2793 1195 2882 quoniam
1212 2795 1314 2862 aliter
1329 2793 1383 2861 dis
1398 2794 1537 2860 immor-

369 2899 498 2967 talibus
531 2910 589 2998 est¹
606 2899 732 2986 visum,
761 2923 842 2968 cum
868 2912 1018 2968 mortem
1050 2924 1095 2968 ne
1123 2923 1283 2968 recusare
1311 2899 1452 2986 quidem
1481 2899 1537 2964 de-

367 3007 479 3091 beam,
496 3006 670 3075 cruciatus
678 3007 983 3094 contumeliasque
1000 3029 1087 3094 quas
1103 3017 1204 3094 parat
1219 3004 1331 3071 hostis
1348 3005 1434 3069 dum
1449 3003 1537 3069 liber

369 3114 454 3179 dum
476 3114 545 3180 mei
569 3125 696 3201 potens
719 3137 798 3182 sum
822 3117 979 3200 effugere
998 3125 1111 3180 morte
1127 3122 1371 3198 praeterquam
1386 3110 1537 3178 honesta

369 3219 475 3286 etiarn
502 3221 573 3287 leni
596 3244 707 3308 posse,
735 3244 807 3288 non
831 3221 958 3288 videbo
982 3219 1151 3286 subnixos
1174 3239 1289 3305 neque
1311 3217 1453 3286 vinctus
1475 3240 1537 3305 per

369 3329 491 3394 urbem
519 3330 638 3395 trahar
664 3351 729 3395 nec
757 3327 873 3394 dirimi
901 3325 1111 3414 incendique
1138 3325 1289 3414 patriam
1312 3323 1439 3397 videbo
1471 3347 1537 3392 nec

368 3435 443 3523 rapi
467 3437 512 3503 ad
535 3448 697 3524 stuprum
724 3446 854 3503 matres
882 3446 918 3502 et
944 3433 1102 3521 virgines
1129 3433 1375 3521 ingenuusque
1401 3455 1535 3520 pueros.

369 3597 500 3612 .....
525 3546 647 3611 urbem
671 3568 690 3611 e
712 3542 953 3610 fundamentis
976 3551 1194 3629 proruerunt.

477 3651 706 3738 Reliquarum
737 3673 820 3718 vero
852 3648 1052 3716 orationum
1084 3648 1243 3736 epilogos
1271 3647 1321 3714 ita
1349 3647 1537 3736 componit,

369 3769 410 3826 ut
431 3770 617 3847 praecepta
640 3759 821 3826 rhetorum
849 3759 1012 3824 observet
1040 3757 1360 3846 complectaturque
1385 3754 1538 3822 breviter

371 3889 612 3954 quaecumque
639 3867 684 3932 ad
712 3864 972 3932 confirmandos
999 3863 1153 3930 militum
1177 3855 1377 3951 civiumque
1400 3863 1537 3929 animos

371 3984 453 4061 apta
469 3997 545 4040 esse
559 3971 733 4040 videntur.
780 3974 886 4042 Unde
901 3971 945 4039 iit
960 3983 1001 4040 ut
1023 3973 1161 4039 duabus
1184 3994 1203 4038 e
1224 3972 1328 4037 rebus
1350 3970 1538 4064 praecipue

371 4091 534 4148 constent
566 4080 706 4169 epilogi,
739 4103 811 4147 una
843 4081 936 4168 quod
969 4079 1145 4146 auditores
1173 4087 1295 4145 monet
1322 4089 1446 4162 orator,
1473 4099 1537 4164 pro

371 4188 499 4276 quibus
522 4187 569 4255 sit
592 4199 777 4273 certamen,
805 4190 924 4266 altera,
949 4188 1043 4274 qnod
1067 4188 1139 4253 dux
1162 4184 1337 4273 promittit
1360 4207 1397 4251 se
1420 4183 1538 4273 ipsum

370 4294 564 4386 principem
587 4297 791 4364 adfuturum
814 4319 891 4364 esse
906 4318 1057 4384 pugnae.
