3468 5128
698 384 898 448 ..9-

319 591 546 659 Demosthen.
573 546 635 660 Φιλ
651 597 675 660 Ι.

318 719 347 781 εἰ
375 717 435 801 μὲν
469 769 476 782 .
507 769 513 782 .
542 770 549 784 .
579 767 595 794 .,
627 723 759 804 ἡσυχίαν
793 721 873 806 ἦγον
906 723 954 787 ἄν.
1006 723 1131 808 Neque
1164 719 1283 788 minus
1316 723 1383 787 De·

211 821 503 903 mosthenicnm1)
537 826 679 892 odorem
716 838 860 895 servant
892 826 1039 916 Josephi
1078 827 1248 894 formulae
1285 825 1382 894 εἰπεῖν

212 932 373 1014 ἃνομίζω
397 931 567 1018 συμφέρειν
582 963 616 987 ω
640 935 821 1001 Demosth.
847 935 990 1020 Olynth.
1015 937 1070 1000 III
1088 939 1129 1001 36
1153 943 1190 1001 et
1211 935 1248 1000 τὰ
1272 937 1382 1002 δέοντα

211 1041 318 1104 ποιεῖν
340 1068 375 1091 ω
398 1039 500 1122 1113,
524 1038 651 1107 deinde
675 1044 925 1127 προόιόριῖωσις.

318 1169 443 1235 11347.
468 1169 637 1252 θορυβήσῃ
663 1148 706 1234 δέΙ
721 1193 779 1253 μοι
801 1169 922 1252 μηδείς,
946 1166 1002 1234 ἐὰν
1023 1169 1069 1252 μὴ
1092 1168 1133 1234 τὰ
1153 1169 1242 1252 πρὸς
1264 1169 1383 1252 ἡδονὴν

212 1276 314 1360 ἀκούῃ
343 1276 398 1358 (ci.
423 1273 710 1341 Rehdantz·Blali
734 1274 986 1360 Ausgewihlte
1015 1274 1137 1340 Reden
1165 1271 1273 1340 index
1300 1297 1325 1340 s.
1349 1298 1381 1341 v.

211 1378 476 1468 κροοιόρθωσις).
501 1379 557 1448 cui
569 1379 842 1469 praemunitioni
855 1380 892 1447 in
905 1379 1063 1448 oratione
1074 1379 1221 1468 Josephi
1234 1379 1282 1469 (V
1292 1381 1381 1468 376),

212 1509 302 1576 quae
318 1489 362 1559 ab
379 1487 603 1554 Homerismo
619 1478 640 1554 ἆ
658 1485 758 1554 δειλοί
773 1486 905 1574 incipit,
925 1487 1013 1554 haec
1028 1488 1136 1555 verba
1151 1489 1379 1574 respondent:

322 1598 385 1680 ἐγὼ
407 1597 466 1681 μὲν
481 1598 598 1682 φρίττω
613 1596 650 1660 τὰ
674 1598 751 1682 ἔργα
766 1603 825 1661 τοῦ
841 1597 920 1662 θεοῦ
936 1597 1036 1679 λέγων
1055 1599 1097 1668 είς
1111 1598 1257 1671 ἀναξίους
1273 1598 1381 1668 ἀκοάς.

212 1705 339 1770 ἀκούετε
369 1697 399 1769 δ’
411 1705 501 1788 ὅμως
529 1754 535 1767 .
560 1755 566 1766 .
590 1753 597 1767 .
625 1701 680 1788 (cf.
710 1700 856 1786 Quintil.
886 1705 937 1769 IV
964 1707 990 1786 1,
1007 1707 1048 1767 74
1077 1701 1237 1788 partibus
1264 1703 1382 1769 danda

211 1809 383 1896 praelatio
406 1819 460 1876 est
483 1820 537 1877 ut:
562 1809 682 1875 audite
705 1830 800 1875 nunc
823 1807 980 1897 reliqua.)

320 1933 490 2021 Reliquae
506 1956 589 2002 vero
606 1956 727 2000 omnes
744 1933 920 2001 orationes
939 1919 1116 2021 prooemio
1133 1945 1261 2018 carent,
1285 1933 1382 2019 aliae,

213 2042 306 2128 quod
339 2041 569 2108 allocutiones
604 2051 686 2107 ante
719 2063 860 2127 pugnas
894 2039 1037 2122 habitae
1064 2063 1170 2128 quam
1205 2041 1382 2108 celerrime

212 2147 249 2214 in
266 2147 477 2235 gravissima
493 2169 651 2236 quaeque
667 2158 878 2235 argumenta
893 2147 1029 2215 animos
1052 2146 1268 2233 inducerent,
1292 2147 1382 2216 aliae

212 2256 306 2343 quod
334 2256 378 2322 ad
406 2255 612 2342 praeteritas
646 2254 823 2322 orationes
856 2253 1089 2343 pertinebant
1137 2257 1234 2342 Quas
1262 2267 1382 2324 autem

211 2361 389 2451 prooemio
405 2361 582 2446 instruxit,
604 2361 641 2428 in
659 2383 779 2429 earum
802 2361 970 2429 maiorem
991 2363 1146 2430 laborem
1163 2362 1382 2451 consumpsit

212 2467 452 2558 propositione
475 2480 511 2536 et
526 2467 716 2558 partitione
738 2469 926 2558 praecipue
946 2481 1109 2538 accurata
1131 2470 1186 2556 (cf.
1202 2469 1381 2557 Anonymi

214 2575 380 2664 [Cornuti]
404 2580 494 2661 τέχνη
518 2583 584 2667 ῥητ.
620 2579 636 2641 I
657 2598 688 2662 p.
707 2581 770 2643 428
795 2577 852 2663 Sp.
881 2580 1061 2662 εὐμάθειαν
1083 2585 1170 2645 ποιεῖ
1188 2581 1382 2665 aporiationis

212 2686 391 2762 ἀνανέωσις
411 2683 586 2770 μερισμός).

320 2811 402 2904 Huc
425 2816 562 2893 spectat
584 2806 696 2874 oratio
719 2805 793 2874 Titi
817 2811 868 2875 VI
893 2813 945 2875 36.

316 2916 351 2982 τὸ
375 2905 405 2983 d'
422 2917 471 2982 ὅτι
502 2917 639 2999 μάλιστα
661 2918 816 3001 προσήκει
837 2919 998 3001 μάχεσθαι
1027 2921 1094 2990 τοῖς
1117 2920 1286 2990 ὀυσκόλοις
1307 2919 1381 2997 τοὺς

212 3026 328 3111 ἀρετῆς
350 3025 534 3108 ἐφιεμένους
547 3021 601 3090 καὶ
626 3025 671 3088 ὅτι
693 3024 791 3089 καλὸν
814 3025 846 3090 ἐν
873 3025 999 3109 εὐκλείᾳ
1022 3027 1152 3110 τελευτὴ
1177 3027 1229 3092 καί
1252 3028 1298 3098 ὡς
1321 3029 1381 3091 οὐκ

211 3133 354 3218 ἄκαρπον
377 3133 460 3196 ἔσται
483 3138 546 3202 τοῖς
567 3133 816 3216 καταρξαμένοις
838 3133 877 3197 τὸ
900 3139 1049 3215 γενναῖον,
1074 3134 1210 3216 διέξειμι.

318 3257 434 3340 Neque
461 3253 580 3320 minus
606 3254 644 3320 in
673 3253 751 3322 aliis
785 3254 984 3322 orationum
1016 3255 1175 3343 partibus
1203 3257 1295 3323 hanc
1324 3255 1381 3323 tri-
1500 3259 1503 3264 '

211 3358 377 3447 pertitam
385 3361 409 3448 ²)
448 3382 529 3427 eum
568 3359 791 3446 divisionem,
829 3364 921 3429 ultra
959 3385 1065 3450 quarn
1104 3363 1399 3450 propositionem¹

321 3594 346 3680 ¹)
370 3597 473 3667 Quam
511 3599 762 3658 consuetudinem
801 3599 1042 3659 Demosthenem
1088 3601 1172 3658 initio
1211 3601 1380 3659 orationum

211 3688 349 3746 imitandi
364 3689 416 3764 qui
433 3688 593 3746 illuderent
615 3707 676 3746 non
692 3688 822 3747 defuisse
839 3691 1023 3748 documento
1045 3691 1104 3746 sint
1119 3689 1230 3765 dialogi
1245 3689 1380 3756 Luciam,

211 3777 242 3834 in
271 3777 381 3853 quibus
403 3777 469 3853 Jovi
500 3777 616 3845 suadet,
646 3786 679 3836 ut
711 3779 877 3837 orationem
910 3797 929 3836 a
952 3778 1191 3837 Demosthenico
1224 3779 1379 3837 enuntiato

211 3865 336 3942 incipiat
362 3862 482 3947 σύνειρε
510 3854 601 3945 ὀλίγα
629 3859 836 3945 ἐναλλάττων,
864 3865 952 3930 οὕτω
980 3871 1057 3947 γοῦν
1084 3866 1115 3928 οῖ
1142 3861 1259 3930 πολλοὶ
1286 3865 1380 3953 ῥητο-

210 3947 355 4036 ρεύουσιν
370 3959 452 4031 Ζεῦς
466 3953 602 4036 τραγωὸ.
637 3954 743 4019 14ί15.
777 3951 829 4032 δὶς
843 3977 957 4042 sauny.
980 3956 1031 4018 26.
1066 3957 1167 4028 Helm,
1189 3957 1302 4014 Lucian
1319 3959 1381 4014 und

211 4044 337 4120 lllenipp
360 4064 390 4119 p.
416 4044 487 4111 133.
511 4044 585 4105 276.

319 4145 347 4231 ²)
368 4151 407 4210 cl.
445 4152 483 4210 de
522 4153 649 4212 triadica
687 4153 819 4229 quadarn
858 4154 1079 4231 compositione
1117 4154 1250 4224 Norden,
1287 4142 1380 4214 lineis

212 4240 295 4299 Buch
311 4240 362 4309 Vl,
385 4239 582 4300 commentar
603 4261 633 4318 p.
649 4241 723 4304 370.
