3468 5128
828 381 1044 443 -36-

350 586 514 656 nuissent
545 587 700 675 primum
728 589 915 656 clamorem
943 598 1049 676 atque
1076 585 1252 674 impetum
1282 586 1528 654 Romanorum

350 717 414 784 per
443 695 578 782 aliquot
609 693 680 762 iam
710 717 822 762 annos
853 693 948 762 vinci
980 693 1118 762 adsueti
1152 693 1190 761 ni
1222 693 1402 781 potentior
1437 693 1536 762 alius

351 812 468 870 metus
491 800 650 868 insidens
673 825 694 868 a
716 803 804 889 fuga
826 800 999 870 retineret
1010 803 1036 890 ¹)

460 925 492 1014 5)
539 924 711 992 auxilium
731 925 788 993 dei
804 929 937 994 111293
953 928 1034 1008 θεὸς
1049 929 1088 1013 ἦν
1104 930 1165 1015 ἄρα
1177 957 1212 986 ω
1225 930 1277 996 IV
1293 932 1367 1011 573,
1389 930 1441 995 IV
1457 931 1535 1011 104,

353 1035 406 1102 IV
417 1037 491 1116 370,
508 1035 563 1098 111
580 1038 654 1118 494,
678 1036 730 1103 IV
746 1038 796 1100 26.
824 1031 948 1103 θύελλα
964 1033 1128 1120 δαιμόνιος
1144 1037 1196 1103 IV
1213 1038 1254 1100 76
1276 1063 1311 1093 ω
1334 1037 1535 1103 V1131819„

460 1159 492 1246 6)
538 1159 625 1226 urbe
645 1169 850 1246 expugnata
874 1170 937 1227 aut
959 1181 1083 1248 pugna
1107 1161 1275 1226 confecta.

460 1268 577 1334 V111.
610 1261 716 1352 ἐπειδὴ
754 1257 783 1332 δ’
812 1271 887 1334 οὔτε
924 1265 1070 1357 φονεύειν
1108 1270 1183 1334 οὔτε
1221 1264 1410 1351 διαρπάζειν
1448 1268 1535 1350 εἶχεν

353 1376 373 1458 ι)
398 1368 530 1458 στρατιὰ
558 1370 699 1442 πάντων
724 1378 796 1445 τοῖς
817 1376 941 1458 θυμοῖς
963 1371 1223 1441 καταλειπόντων
1245 1401 1281 1431 ω
1305 1371 1383 1446 Liv.
1401 1377 1454 1457 31,
1478 1376 1535 1456 26,

358 1483 396 1545 13
420 1489 608 1566 postquam
631 1500 703 1545 non
728 1489 802 1546 tam
824 1478 877 1546 ira
900 1489 975 1546 erat
997 1478 1125 1547 satiata
1148 1501 1255 1566 quam
1280 1478 1352 1546 irae
1368 1500 1531 1549 exercen-

355 1586 420 1652 dae
442 1583 591 1652 materia
614 1585 742 1670 deerat,
766 1595 802 1652 et
825 1584 901 1656 Liv.
919 1590 970 1670 22,
995 1590 1046 1670 59,
1070 1591 1088 1652 8
1113 1609 1179 1653 nec
1196 1607 1426 1673 supersumus
1441 1607 1539 1673 pug-

355 1713 422 1758 nae
445 1689 514 1758 nisi
541 1690 578 1758 in
603 1690 730 1779 quibus
755 1691 972 1760 trucidandis
1000 1703 1036 1760 et
1058 1695 1190 1759 ferrum
1214 1705 1250 1762 et
1272 1692 1365 1761 vires
1388 1693 1530 1760 hostem

355 1798 552 1865 defuerunt
584 1797 797 1887 (Morawski,
814 1797 979 1866 Zeitschr.
995 1801 1052 1866 ffir
1068 1799 1125 1867 die
1141 1803 1260 1868 dsterr.
1276 1800 1408 1886 Gymn.
1426 1798 1538 1888 1893.)

464 1922 496 2012 7)
542 1934 626 1992 ante
660 1925 803 1992 caedem
838 1929 907 1994 οὔτε
941 1928 1043 2018 φειδὼ
1081 1924 1179 2012 εἰσῄει
1212 1921 1305 2006 τινὸς
1340 1929 1410 1993 οὔτε
1443 1928 1541 2004 ἔλεος

356 2034 411 2098 111
429 2035 493 2098 329
506 2060 541 2090 ω
553 2035 590 2098 II
608 2036 681 2116 235,
705 2035 756 2102 VI
773 2037 836 2100 253
861 2031 1059 2107 ἱκετεύοντες
1080 2033 1138 2100 καὶ
1161 2031 1365 2119 ἀμυνόμενοι.
1399 2036 1451 2102 IV
1467 2038 1529 2100 311

356 2168 391 2198 ω
415 2142 466 2208 VI
484 2143 557 2205 271.

465 2263 497 2352 8)
544 2263 702 2351 defuga
737 2268 808 2331 οὔτε
831 2267 871 2350 ἦν
894 2275 996 2355 φυγῆς
1017 2263 1116 2338 τόπος
1140 2269 1211 2332 οὔτε
1237 2270 1369 2350 μένουσι
1391 2264 1540 2352 σωτηρία

357 2370 495 2434 111424
519 2397 555 2427 ω
578 2372 631 2439 lv
646 2375 720 2453 434,
744 2374 796 2439 1v
812 2375 886 2454 519,
910 2374 1038 2438 11549.

466 2497 497 2567 9)
543 2494 587 2560 de
611 2492 858 2580 angustiarum
881 2494 1013 2583 pugnis

465 2603 572 2668 1352.
608 2598 806 2692 ἐσφάττοντο
828 2601 856 2667 δ’
873 2605 907 2669 ἒν
927 2611 998 2684 τοῖς
1020 2609 1198 2685 στενωποῖς
1221 2607 1274 2672 καὶ
1297 2600 1385 2672 κοινοὶ
1408 2600 1465 2677 τὰς
1489 2607 1537 2670 οἰ-

358 2712 430 2782 κιας
452 2707 703 2795 συνωθούμενοι
718 2738 753 2768 ω
768 2712 865 2796 τοι,
889 2714 942 2781 1v
955 2716 1006 2798 22,
1030 2715 1085 2778 111
1099 2717 1231 2797 εεοιεο,
1256 2716 1394 2788 1v312‚
1418 2714 1541 2794 vaso„

358 2819 502 2900 v1257,
526 2820 561 2884 11
587 2821 659 2886 εει.

467 2940 606 3025 Quibus
635 2941 672 3008 in
704 2942 846 3030 proeliis
877 2943 1095 3031 explicandis
1118 2943 1300 3028 Josephus
1333 2937 1370 3002 in
1399 2937 1542 3003 deliciis

359 3048 476 3131 habet,
512 3047 726 3116 dictionibus
760 3073 851 3137 quae
883 3049 1001 3136 magis
1037 3049 1074 3114 in
1109 3069 1224 3134 genus
1256 3053 1320 3111 τῶν
1347 3046 1536 3129 ὑπερβολῶν

361 3153 484 3219 cadere
511 3152 708 3239 videantur,
735 3177 808 3222 non
831 3177 992 3241 pugnam
1016 3155 1078 3220 sed
1103 3153 1245 3220 caedem
1270 3149 1473 3236 describere,
1497 3151 1541 3218 id.

361 3260 456 3347 quod
490 3257 561 3326 iam
596 3261 764 3328 docuerat
797 3262 918 3328 schola
951 3260 1126 3328 rhetorica
1155 3271 1191 3328 et
1218 3258 1469 3327 exercitatione
1500 3269 1541 3326 et,

361 3365 560 3434 imitatione
588 3367 640 3458 (cf.
663 3366 790 3435 Theon
818 3371 854 3434 II
877 3391 909 3455 p.
935 3372 975 3435 63
1000 3369 1059 3456 Sp.
1086 3366 1234 3453 Quintil.
1262 3373 1290 3452 8,
1315 3372 1344 3452 3,
1369 3367 1439 3454 67),
1463 3367 1537 3433 huc

362 3485 525 3564 spectant
878 3559 881 3565 Δ

470 3586 486 3648 Ι
504 3587 577 3650 338.
612 3591 772 3652 τοσοῦτον
787 3577 955 3672 ἐσωρεύθη
976 3591 1101 3670 νεκρῶν
1115 3586 1243 3668 πλῆθος
1265 3585 1351 3649 ὥστε
1366 3583 1425 3654 τὰς
1440 3582 1544 3654 ὁδοὺς·

363 3691 589 3778 ἀποφραγῆναι
624 3695 696 3771 τοῖς
728 3699 897 3779 κρατοῦσιν
920 3720 955 3750 ω
978 3694 1029 3760 VI
1051 3695 1124 3758 276.
1162 3692 1308 3775 οὐδαμοῦ
1344 3684 1407 3773 γὰρ
1441 3692 1461 3772 ἡ
1497 3696 1544 3777 γε’)

363 3853 577 3864 ———

475 3962 498 4040 ¹)
523 3963 561 4022 cf.
588 3964 627 4022 de
657 3965 825 4041 Virgilianis
847 3983 1014 4042 pugnarum
1039 3964 1293 4040 descriptionibus
1315 3962 1433 4020 Heinze
1456 3961 1546 4036 Virg.¹

365 4050 489 4127 epische
505 4052 643 4110 Technik
666 4074 696 4129 p.
717 4053 778 4116 189
796 4072 840 4130 sq.
864 4055 902 4112 de
925 4055 1060 4114 Taciteis
1083 4054 1252 4112 Liebenam
1268 4053 1370 4128 Jahrb.
1385 4051 1432 4109 fur
1446 4049 1545 4109 klassa

363 4140 438 4203 Phil.
466 4139 559 4209 1892,
583 4142 622 4200 de
646 4143 773 4202 aliorum
796 4143 975 4220 scriptorum
990 4146 1088 4216 Peter,
1112 4143 1298 4202 Geschichtl.
1314 4141 1463 4199 Literatur
1485 4138 1544 4195 der.

365 4233 442 4288 rdm.
465 4229 599 4289 Kaiserz.
621 4233 746 4308 passim.
