3468 5128
687 379 934 449 -13--4

217 599 365 664 fortasse
398 595 584 664 crediderit
615 595 800 685 quispiam,
834 595 917 684 quia
943 597 1156 664 vocabulum
1184 599 1390 686 ὑπερήφανος

220 704 356 794 (paneg.
380 706 596 792 ὑπερηφανία)
619 702 856 792 adiungitur),
880 702 1008 770 deinde
1029 706 1085 794 τὴν
1106 707 1225 790 μικρὰν
1239 707 1389 790 Σάλαμιν

222 821 258 878 et
268 813 545 896 Λακεδαιμονίους
560 821 596 878 et
615 813 825 896 Θέρμοπύλας
840 820 876 876 et
891 812 1054 891 Πλαταιάς
1067 820 1102 877 et
1113 813 1168 878 τδν
1178 803 1390 896 ἐρευνήσαντα

217 920 273 1004 τὴν
291 920 396 984 Ἀσίαν
418 909 613 1008 Ἀγησίλαον.

324 1042 532 1130 Agesilaum
565 1053 684 1110 autem
717 1066 737 1111 a
769 1041 969 1110 rhetoribus
998 1043 1284 1111 commendatum
1313 1065 1389 1110 esse

219 1151 323 1216 docet
358 1149 552 1216 Menander
587 1151 663 1236 περὶ
696 1151 827 1217 ἐπιδεικ.
864 1149 951 1216 rhet.
987 1149 1049 1216 Gr.
1079 1152 1134 1215 III
1167 1171 1198 1236 p.
1228 1153 1292 1216 389
1328 1149 1387 1239 Sp.

323 1260 423 1345 χαίρει
444 1259 480 1323 ιδ
500 1266 555 1342 τῆς
576 1259 683 1330 λαλιᾶς
705 1259 788 1329 εἶδος
809 1265 847 1342 τῇ
870 1259 1034 1346 γλυκύτητι
1056 1255 1113 1323 καὶ
1134 1265 1173 1342 τῇ
1194 1264 1259 1322 τῶν
1275 1259 1388 1346 διηγη-

216 1367 326 1450 μάτων
361 1367 514 1450 ᾶβρδιητι.
548 1363 759 1450 παραγένοιτο
795 1354 825 1428 δ’
848 1368 887 1430 ἂν
920 1368 940 1449 ἡ
972 1365 1127 1454 γλυκύτης
1149 1370 1213 1430 τῶν
1235 1365 1341 1448 λόγων
1363 1366 1392 1429 εί

216 1474 458 1558 παραδείγματα
492 1474 637 1562 λέγοιμεν
671 1463 714 1538 δι’
750 1471 798 1537 ὧν
832 1474 1047 1556 ἔμφανιοῢμεν
1081 1475 1100 1536 ὃ
1133 1472 1387 1556 προωρούμεδα.

217 1571 288 1646 οἷον
321 1582 350 1644 εἰ
375 1569 565 1664 Ἀγησίλαον
598 1581 740 1663 λέγοιμεν
776 1631 783 1646 .
819 1630 826 1644 .
862 1629 869 1644 .
903 1579 954 1663 (cl.
983 1576 1106 1644 Aelius
1139 1575 1312 1644 Aristides
1346 1581 1389 1656 εἰς

217 1677 344 1772 Ῥώμην
367 1690 419 1770 26,
445 1691 484 1751 17
509 1689 552 1752 K.
577 1688 717 1771 ἐδήλωσε
739 1689 759 1770 ἡ
779 1688 954 1770 Ἀγεσιλάῳ
978 1687 1140 1769 δύναμις.
1164 1689 1194 1768 .).

327 1810 613 1878 Consentaneum
645 1831 729 1877 vero
748 1819 812 1876 'est
838 1809 1036 1895 Josephum
1064 1807 1101 1874 in
1129 1808 1277 1874 heroum
1305 1829 1388 1874 enu-

217 1915 411 1984 meratione
427 1928 463 1984 et
477 1917 688 2005 populorum
703 1917 894 2003 producere
911 1915 1120 1982 Macedones
1137 1926 1172 1982 et
1185 1913 1387 2001 Philippum

121 2060 125 2062 ·
219 2035 255 2092 et
270 2025 555 2112 Alexandruml),
577 2025 620 2090 de
636 2023 764 2112 quibus
780 2045 902 2089 omnes
917 2011 1098 2089 rhetorum
1114 2022 1251 2088 scholas
1268 2032 1303 2088 et
1319 2020 1388 2108 epi·

219 2130 364 2198 dicticos
388 2131 574 2219 scriptores
598 2132 812 2198 declamasse
835 2153 855 2196 e
878 2128 1046 2196 sescentis
1070 2129 1155 2195 locis
1175 2139 1293 2216 potest
1308 2151 1388 2215 cog·

217 2237 325 2324 nosci,
349 2249 385 2306 et
406 2237 505 2305 cuins
527 2241 605 2325 τύχη
629 2237 729 2325 quasi
752 2235 936 2325 proverbio
953 2239 986 2305 V
1002 2240 1066 2302 465
1088 2221 1388 2303 commemoratur.

324 2366 404 2449 Qua
426 2363 540 2452 prima
563 2360 883 2450 argumentationis
899 2373 999 2452 parte
1023 2363 1209 2450 (συμπλοκὴ
1226 2370 1294 2430 τῶν
1308 2387 1388 2447 προ-

216 2473 356 2560 φάσεων)
390 2471 538 2539 disserta
570 2472 615 2538 ad
646 2471 892 2558 insequentem
921 2480 1059 2559 partem
1092 2469 1185 2558 (τίνες
1216 2473 1304 2542 ὄντες
1334 2472 1389 2537 καὶ

215 2578 297 2646 τίσιν
320 2583 508 2666 ἐπιχειρεῖτε
531 2577 689 2668 πολεμεῖν)
714 2577 841 2645 transit
864 2576 1056 2666 disputatio
1073 2599 1163 2664 quae
1179 2599 1259 2643 cum
1273 2576 1388 2663 priore

218 2686 532 2774 complectentibus
555 2684 652 2752 hisce
674 2684 791 2752 verbis
815 2683 1056 2771 coniungitur:

323 2814 448 2878 11361.
474 2813 551 2876 ἄλλα
580 2837 612 2877 τε
635 2813 712 2896 enm
742 2813 841 2896 μυρία
871 2813 1013 2883 πλείονος
1036 2813 1172 2899 γέμοντα
1198 2811 1281 2894 πρὸς
1304 2810 1386 2877 ἕλευ·

215 2921 327 3004 θερίαν
341 2921 520 3006 παρρησίας
535 2922 616 2994 εἴκει,
639 2920 733 3004 μόνοι
749 2908 779 2983 δ’
795 2921 886 3003 ὑμεῖς
909 2919 1050 2992 ἀδοξεῖτε
1074 2918 1231 2982 δουλεύειν
1247 2918 1293 2988 οἷς
1307 2919 1382 2981 ύπο-

215 3030 355 3094 τέτακται
381 3028 418 3092 τδ
445 3029 547 3093 πάντα
576 3057 611 3080 Ν
643 3029 676 3095 V
700 3029 772 3092 366.
812 3027 876 3092 δεῖν
902 3027 1007 3109 μέντοι
1039 3026 1095 3090 καὶ
1125 3025 1281 3104 δεσπότας
1310 3026 1386 3090 ἀδο-

216 3139 278 3209 ξεῖν
299 3137 538 3219 ταπεινοτέρους
561 3137 620 3218 οδχ
643 3135 690 3213 οἷς
712 3131 882 3220 ὑποχείρια
903 3133 940 3196 τὰ
959 3134 1067 3198 πάντα.

324 3256 575 3344 Propositionis
609 3235 729 3324 autem
762 3258 870 3326 verba
894 3260 988 3323 1136
1023 3260 1107 3341 ποίᾳ
1134 3267 1258 3343 στρατιᾷ
1281 3260 1387 3329 ποίοις

216 3367 407 3456 πεποιδότες
431 3367 539 3437 ὅπλοις
561 3363 702 3432 assertis
723 3376 759 3432 et
774 3363 984 3452 urgentibus
1001 3363 1266 3451 quaestionibus
1282 3363 1387 3430 inter-

216 3470 341 3559 positis
377 3472 650 3558 comprobantur
684 3495 725 3538 ea
759 3471 1077 3558 argumentatione,
1113 3492 1202 3558 quae
1236 3471 1386 3536 formam

217 3579 438 3667 speciemque
460 3576 664 3665 panegyrici
688 3577 825 3666 imperii
850 3577 1002 3644 Romani
1026 3577 1129 3645 subit

328 3704 436 3772 Cuius
474 3726 529 3771 res
566 3725 800 3792 numerosque
844 3703 881 3770 in
920 3702 1093 3790 breviario
1131 3700 1271 3788 publico
1310 3724 1386 3768 esse

327 3974 352 4061 ¹)
376 3980 413 4038 ef.
433 3981 530 4049 Peter,
553 3979 737 4038 Geschichtl.
753 3977 901 4036 Literatnr
922 3980 975 4036 der
990 3981 1065 4036 rbm.
1080 3976 1248 4034 Kaiserzeit
1263 3995 1292 4052 p.
1311 3975 1385 4046 259,

217 4069 328 4142 Hitzel,
356 4069 466 4144 Dialog
488 4069 517 4126 ΙΙ
545 4068 583 4128 71
599 4070 638 4135 ff..
666 4067 800 4136 Norden,
826 4068 881 4124 Rh.
905 4069 981 4125 Mus.
1012 4067 1094 4129 1899
1123 4087 1151 4142 p.
1176 4065 1250 4134 468,
1285 4066 1384 4132 Helm,

218 4157 332 4216 Lucian
360 4158 422 4216 und
445 4158 570 4234 Menipp
594 4177 623 4233 p.
649 4155 759 4225 20718,
782 4157 960 4224 werham,
983 4158 1082 4216 Philos
1105 4156 1213 4214 Schrilt
1235 4157 1312 4212 fiber
1335 4155 1384 4211 die

220 4247 397 4322 Vorsebung
418 4267 449 4322 p.
472 4245 535 4306 20⁶
558 4247 618 4309 alii.
