3468 5128
691 382 1037 444 .-70....

787 592 872 675 περί
895 592 1055 663 ἐλπίδος.

335 762 337 770 1
412 776 415 780 .
442 717 493 782 VI
507 719 579 780 287.
614 717 753 780 πείθεται
776 716 810 782 δὲ
832 719 954 800 ταχέως
976 717 1152 800 ἅνθρωπος
1175 717 1208 780 δν
1231 723 1413 799 συμφοραῖς
1436 717 1516 781 ὅταν

336 813 366 885 δ’
385 823 448 905 ἤδη
472 823 612 886 καὶτῶν
634 824 832 906 κατεχόντων
855 824 972 889 δεινῶν
995 823 1179 906 ἀπαλλαγὴν
1201 823 1220 886 δ
1243 823 1409 896 ἐξαπατῶν
1431 823 1513 886 ἀπο-

336 930 453 1012 γράφῃ,
476 916 550 993 τόθ’
574 930 593 992 ό
615 931 750 1012 πάσχων
772 931 846 1001 ὅλος
869 933 980 1012 γίνεται
1002 938 1057 1014 τῆς
1079 930 1211 1001 ἐλπίδος.

443 1035 551 1100 1373.
587 1037 729 1119 σφαλερὰ
765 1027 794 1100 δ’
818 1038 902 1108 ἐλπίς
934 1040 993 1101 οὐκ
1026 1039 1061 1110 ἐξ
1094 1039 1210 1107 οἰκείας
1237 1037 1365 1119 φάσεως
1388 1025 1454 1099 ἀλλ’
1478 1036 1516 1109 ἕξ

335 1141 497 1224 ἀλλοτρίας
519 1144 678 1226 ἠρτημένη
702 1147 928 1228 κακοπραγίας.

788 1341 872 1422 περὶ
895 1341 1057 1412 ἀδικίας.
1102 1328 1104 1332 ’

442 1462 494 1527 IV
507 1464 579 1525 222.
614 1469 678 1526 τῶν
700 1463 760 1544 μέν
775 1463 994 1546 ἀδικησάντων
1009 1465 1159 1534 πολλάκις
1175 1463 1226 1526 διὰ
1242 1465 1355 1546 μίσους
1371 1463 1512 1544 γίνεσθαι

334 1567 390 1649 τὴν
424 1569 578 1649 ἀμέλειαν,
612 1575 676 1638 τοῖς
711 1559 740 1632 δ’
756 1569 950 1652 ἀδικηθεῖσιν
983 1571 1038 1641 τὰς
1061 1571 1159 1654 ὀργάς
1182 1559 1230 1633 ἐπ’
1254 1571 1398 1644 ἐξουσίας
1420 1569 1512 1652 χαλε-

334 1676 487 1757 πωτέρας.
1061 1673 1062 1677 ’

442 1781 565 1845 11351.
601 1781 695 1846 οὐδὲν
718 1782 753 1846 δὲ
773 1784 875 1853 οὕτως
889 1783 944 1854 τὰς
958 1783 1079 1866 πληγὰς
1095 1785 1141 1854 ὡς
1155 1784 1191 1847 τὸ
1207 1785 1314 1867 φέρειν
1329 1783 1512 1858 ἀναστέλλει,

334 1889 388 1952 καλ
410 1887 445 1952 τδ
468 1894 533 1952 τῶν
556 1889 778 1972 ἀδικουμένων
801 1891 931 1972 ἡσύχιον
950 1897 1013 1961 τοῖς
1036 1891 1199 1955 ἀδικοῦσιν
1222 1891 1333 1973 γίνεται
1349 1890 1511 1973 διατροπή.

870 2090 999 2135 vana:

442 2192 535 2255 οὐδέν
569 2192 630 2274 γὰρ
665 2195 748 2257 οὕτω
783 2197 958 2282 συνίστησιν
984 2201 1040 2266 τᾶς
1065 2197 1188 2265 εὐνοίας
1215 2195 1262 2265 ὡς
1283 2194 1412 2276 τρόπων
1435 2216 1510 2274 συγ-

335 2299 435 2379 γένεια
459 2299 511 2364 IV
527 2301 592 2360 240
616 2296 668 2384 (cf.
693 2299 1045 2384 Demosth.'Olynth.
1071 2302 1155 2366 119.
1190 2291 1245 2364 ὑπ’
1269 2302 1391 2370 εὐνοίας
1414 2306 1511 2382 συστῇ

333 2403 370 2465 τὰ
393 2403 586 2486 πράγματα).

360 2564 363 2572 ,
441 2509 564 2574 11345.
600 2511 748 2592 περισσὸς
772 2512 832 2594 γὰρ
856 2513 936 2595 ὑπὲρ
959 2520 1014 2576 τοῦ
1037 2514 1074 2576 τὰ
1096 2514 1207 2577 δέοντα
1221 2521 1320 2577 ποιεῖν
1335 2520 1397 2584 πᾶς
1408 2514 1515 2595 λόγος,

335 2616 410 2679 διαν
432 2615 453 2700 ᾗ
468 2623 533 2680 τῶν
549 2618 735 2683 ἀκουόντων
749 2621 877 2684 πάντων
892 2619 974 2702 πρὸς
987 2620 1023 2684 τδ
1039 2627 1144 2704 χεῖρον
1159 2622 1303 2704 ὁμόνοια.
1330 2620 1372 2684 cf.
1386 2615 1510 2683 Nilum

335 2720 540 2808 episcopum
564 2733 600 2790 et
621 2735 820 2809 martyrem,
845 2728 1008 2815 κεφάλαια
1031 2731 1051 2811 ἢ
1069 2731 1277 2811 παραινέσεις
1294 2730 1354 2790 231
1375 2723 1509 2810 (Orelli,

334 2830 504 2914 opuscula
534 2830 752 2898 sententiosa
785 2842 821 2897 et
850 2833 997 2898 moralia
1027 2856 1059 2920 p.
1077 2837 1151 2915 350,
1188 2833 1227 2918 1).
1273 2833 1420 2913 περισσὸς
1447 2838 1509 2901 πᾶς

333 2937 427 3018 λόγος
460 2938 541 3021 πρὸς
576 2940 758 3020 διόρθωσιν,
793 2943 868 3005 άταν
896 2943 915 3023 ἡ
944 2947 1007 3004 τῶν
1031 2941 1219 3004 ἀκουόντων
1241 2938 1323 3018 πρὸς
1345 2937 1380 2998 τὸ
1404 2942 1518 3016 χεῖρον

334 3043 532 3110 ἀποκλίνασα
566 3047 690 3128 σπουδὴ
726 3053 789 3117 τοῖς
823 3047 903 3110 κατὰ
938 3046 1121 3127 συμβουλὴν
1150 3044 1330 3124 λεγομένοις
1362 3044 1509 3114 ἐναντίως
1609 3115 1611 3118 ,

333 3147 482 3212 διάκειται
506 3158 541 3213 et
564 3151 672 3234 eclog.
693 3148 838 3214 Maximi
863 3159 899 3214 et
920 3147 1067 3213 Antonii
1092 3152 1142 3212 31.
1189 3149 1259 3232 περὶ
1282 3149 1433 3232 ἀβουλίας
1455 3150 1509 3214 καί

333 3253 551 3342 βραδύτητας.)

440 3362 558 3427 V558.
594 3363 780 3445 κατεφρόνει
814 3363 1097 3455 φιλοχρηματία
1124 3364 1227 3447 πάσης
1250 3365 1420 3439 κολάσεως,
1455 3365 1509 3429 καί

334 3469 435 3540 δεινὸς
457 3471 639 3554 ἐμπέφυκεν
662 3470 851 3551 ἀνθρώποις
870 3477 925 3534 τοῦ
946 3470 1119 3552 κερδαίνειν
1142 3473 1234 3553 ἔρως,
1250 3472 1345 3535 οὐδέν
1359 3496 1391 3535 τε
1407 3473 1509 3541 οὕτως

332 3577 439 3647 πάθος
461 3577 622 3649 πλεονεξία
645 3576 883 3658 παραβάλλεται.

440 3685 557 3749 V429.
592 3684 721 3746 πάντων
753 3684 812 3766 μέν
848 3685 886 3767 δὴ
921 3686 1039 3750 παθῶν
1061 3687 1259 3769 ὑπερίσταται
1281 3687 1380 3768 λιμός,
1415 3685 1508 3750 οὐδὲν

333 3779 363 3855 δ
387 3791 489 3860 οὕτως
523 3790 691 3854 ἀπόλλυσιν
725 3791 771 3861 ὡς
806 3792 896 3856 αἰδῶ.
941 3791 977 3856 τδ
1010 3793 1070 3875 γάρ
1103 3794 1207 3864 ἄλλως
1240 3795 1392 3875 ἐντροπῆς
1419 3794 1507 3866 ἀξιον

333 3897 489 3978 ἐντούτῳ
512 3904 760 3979 καταφρονεῖται.

440 4004 562 4067 11350.
597 4005 784 4089 θεραπεύειν
807 4006 868 4090 γὰρ
893 4009 953 4072 οάκ
976 4007 1125 4082 ἐξετάζειν
1147 4007 1208 4090 χρὴ
1232 4006 1287 4077 τὰς
1310 4007 1461 4080 ἐξουσίας.

439 4111 542 4176 1503.
578 4111 630 4177 διὰ
645 4115 875 4178 τῶντοιούτων
891 4114 943 4198 [οἳ
954 4116 1182 4180 ἀναπείθουσιν
1197 4113 1302 4178 καὶτὸ
1317 4121 1372 4196 τῆς
1387 4114 1524 4197 ἡλικίας·

332 4218 467 4282 εὔκολον.
487 4219 537 4282 ἐπὶ
559 4226 653 4302 κακῷ
674 4221 953 4306 μεταχειρίζονται]
977 4221 1193 4295 ἐξαπατᾶσθαι
1214 4221 1273 4303 μέν
1289 4222 1349 4284 οὐκ
1365 4222 1507 4304 ἐφήβους
1516 4256 1523 4262 --
