3468 5128
668 455 892 520 -53..

481 662 709 752 coniungunt
731 665 905 733 vocabula
928 667 1094 734 οὕτε-οὔτε.
1180 677 1182 681 ’

161 805 167 814 ’
300 812 375 875 οὔτε
399 806 501 876 δειλία
525 811 596 876 οὔτε
611 809 793 895 λιπανδρία
809 813 927 876 11142.
962 814 1037 878 ούτε
1054 812 1181 896 ἁρπαγὴ
1199 813 1270 880 οὔτε
1285 806 1373 878 αἰκία

180 917 316 982 11277.
345 919 417 983 οὔτε
432 915 519 1000 ἰσχὺς
535 919 606 984 οὔτε
621 918 746 990 σύνεσις
761 919 904 984 111276.
933 921 1008 984 οὔτε
1023 926 1128 1006 φυγῆς
1144 921 1214 986 οὔτε
1229 919 1374 993 διώξεως

180 1025 244 1090 VI
261 1027 330 1088 144.
356 1025 429 1089 οὔτε
440 1025 624 1106 παραίνεσις
640 1026 711 1089 οὔτε
726 1026 841 1108 ἀπειλή
849 1025 900 1092 Vl
915 1027 987 1090 257.
1012 1027 1087 1092 οὔτε
1096 1027 1181 1097 ἔλεος
1190 1027 1261 1090 οὔτε
1270 1021 1374 1098 αἰδώς

188 1132 317 1196 11496.
346 1132 421 1195 οὔτε
436 1130 538 1213 φειδὼ
555 1132 626 1195 οὔτε
642 1132 800 1202 ἔλεοςΙΙΙ
815 1134 888 1196 329.
919 1134 990 1196 ούτε
1004 1133 1145 1216 μαλακία
1162 1134 1236 1197 οὔτε
1251 1134 1373 1215 ἀγένεια

188 1239 327 1303 11373.
375 1239 451 1303 οὔτε
478 1237 580 1321 βουλὴ
610 1239 685 1302 οὔτε
707 1236 828 1322 πρᾶξις
859 1239 911 1304 IV
934 1240 1007 1304 214.
1059 1241 1133 1304 οὔτε
1155 1239 1284 1323 νύκτωρ
1300 1241 1373 1304 οὔτε

179 1333 268 1430 Ιμεθ’
291 1345 415 1428 ἡμέραν
438 1343 492 1408 ΙΙΙ
518 1347 567 1408 62.
615 1331 689 1409 α’ύιε
711 1345 834 1434 οἰκέτην
849 1332 924 1411 οὔτε
938 1345 1137 1432 θεράπαιναν
1152 1348 1168 1411 Ι
1182 1347 1255 1411 585.
1302 1347 1373 1410 οὔτε

184 1451 292 1538 ἁρετὴ
326 1439 399 1517 odio
431 1451 582 1534 εὐτολμία
610 1452 680 1518 VII
705 1454 778 1518 342.
826 1454 903 1518 οὔτε
930 1455 1101 1540 τεκμήριον
1135 1441 1210 1519 ούτε
1244 1453 1373 1537 ἔλεγχος

191 1559 247 1625 IV
262 1560 335 1623 336.
382 1561 457 1622 οὔτε
479 1556 623 1641 ἀσφαλὲς
645 1545 721 1624 ούτε
743 1561 866 1643 πρέπον
889 1560 941 1627 IV
952 1563 994 1626 33
1018 1584 1053 1614 <v
1077 1563 1128 1626 64.

232 1751 234 1756 Ι
301 1667 373 1730 οἵτε
399 1665 532 1730 κωλύειν
559 1667 630 1730 οὔτε
658 1669 829 1732 νουθετεῖν
855 1668 907 1733 VI
931 1669 1004 1732 335.
1055 1669 1129 1734 οἵτε
1155 1669 1273 1734 κλαίειν
1301 1670 1372 1735 οὔτε

185 1772 324 1836 θάπτειν
350 1772 401 1839 1V
425 1774 498 1837 331.
550 1774 622 1837 οὔτε
647 1774 791 1855 φονεύειν
819 1776 891 1839 οὔτε
918 1775 1099 1861 διαρπάζειν
1126 1776 1196 1842 VII
1224 1777 1249 1840 l.
1302 1777 1373 1841 οὔτε

190 1873 331 1944 ἱκετεύω
349 1879 419 1944 niro
436 1879 567 1960 δακρύω
585 1878 636 1945 VI
653 1881 725 1943 304.
751 1881 823 1944 ούτε
838 1881 933 1946 θύειν
949 1883 1022 1946 οὔτε
1039 1887 1232 1964 προσκυνεῖν
1248 1882 1370 1947 11414.

185 1986 263 2061 οὔτε
285 1983 474 2069 προστιθείς
498 1987 569 2050 οὔτε
593 1985 887 2069 ἀποκρυπτόμενος
910 1988 994 2052 126.

747 2183 814 2264 dl·

301 2331 437 2411 ἢμῖσος
468 2331 488 2411 ἢ
524 2327 746 2399 δέος11478.
792 2323 1012 2411 βέλος-σχεδία
1041 2327 1181 2392 111527.
1228 2324 1370 2411 μέμψις.

186 2436 369 2523 κατηγορία
400 2436 415 2499 Ι
441 2438 492 2500 30.
550 2436 942 2518 πείσειν-συναναγκάσειν
969 2435 1021 2503 IV
1044 2437 1095 2500 98.
1153 2437 1173 2519 ἢ
1207 2437 1318 2518 μεῖζον
1351 2435 1371 2518 ἢ

135 2577 138 2582 v
190 2542 424 2629 φοβερώτερον
446 2542 587 2609 111272.

303 2713 442 2798 Quibus
466 2715 571 2781 rebus
596 2715 774 2802 expositis,
798 2739 889 2803 quae
912 2716 1054 2803 quidem
1069 2713 1186 2801 magis
1202 2713 1239 2780 in
1257 2733 1371 2801 genus

191 2818 469 2910 grammaticum
506 2841 611 2906 quam
637 2820 854 2890 rhetoricum
878 2824 1001 2890 cadere
1023 2820 1220 2905 videantur,
1257 2831 1293 2887 et
1315 2821 1372 2887 de·

191 2931 290 2996 lectu
314 2927 502 2995 verborum
526 2938 676 2996 tractato
699 2949 796 2996 nunc
819 2928 1006 2998 veniamus
1029 2929 1074 2995 ad

337 3124 648 3209 compositionem
672 3121 870 3192 verborum
894 3123 930 3189 et
953 3118 1239 3201 enuntlatorom,

195 3289 304 3356 quam
338 3265 471 3334 normis
505 3264 618 3332 firmis
651 3262 862 3350 legibusque
897 3259 1136 3330 constitutam.
1154 3259 1249 3348 apud
1284 3255 1371 3326 alios

192 3396 337 3463 quoque
360 3372 546 3461 scriptores
568 3372 687 3440 valere
709 3391 771 3458 per
794 3391 833 3438 se
854 3379 960 3457 pater.

303 3483 357 3548 Ac
378 3480 532 3568 primum
556 3477 699 3566 quidem

714 3675 854 3745 hlatum

195 3843 221 3887 a
243 3821 401 3907 Josepho
425 3817 461 3885 in
485 3819 578 3885 bello
601 3815 752 3904 Judaico
776 3815 842 3884 etsi
865 3837 937 3884 non
962 3836 1100 3904 semper
1122 3834 1243 3881 severe
1266 3821 1373 3901 atque

196 3923 363 4013 religiose
397 3948 474 3993 esse
497 3924 660 4008 vitatum,
696 3924 937 4004 Benselerus1)
971 3919 1009 3988 in
1043 3920 1251 3988 universum
1278 3930 1372 3989 recte

194 4030 382 4117 intellexit,
405 4054 519 4120 pauca
541 4029 686 4098 Niesius
709 4029 747 4097 in
762 4028 982 4117 praelatione
997 4025 1142 4112 addidit,
1165 4026 1203 4094 in
1219 4025 1372 4115 singulis

196 4149 319 4206 autem
343 4162 412 4226 qua
435 4139 572 4208 ratione
595 4160 681 4206 usus
705 4135 753 4206 sit
775 4159 871 4204 nunc
894 4157 1077 4224 exponam.

310 4298 333 4385 ¹)
356 4304 404 4364 De
429 4307 512 4364 hiatu
535 4307 565 4364 in
590 4306 759 4364 oratoribus
781 4303 888 4362 Atticis
910 4322 941 4379 p.
956 4301 1031 4364 557.
