3468 5128
821 392 1043 453 „42-

349 612 386 670 et
407 600 532 669 Titum
561 611 597 668 et
621 598 875 683 Domitianum,
904 598 1032 686 quibus
1055 598 1093 664 in
1117 597 1330 665 disserendis
1357 619 1472 685 neque
1495 597 1528 664 ei

348 708 509 796 contigit,
525 719 567 774 ut
582 705 804 775 adulationes
816 706 946 774 vitaret
962 716 1025 773 aut
1036 705 1209 773 dictiones
1222 705 1322 793 quasi
1337 704 1485 772 curiales
1494 707 1527 792 ¹),

348 838 463 903 neque
495 815 527 881 ei
554 807 775 902 propositum
803 824 886 898 erat
921 823 963 879 ut
991 812 1145 880 dilucide
1181 823 1217 879 et
1249 811 1433 899 perspicue
1461 813 1528 879 sub

348 932 531 1008 aspectum
547 920 711 988 venirent
725 919 910 1009 principes
928 919 1216 1007 quandoquidem
1230 929 1344 986 certae
1355 920 1528 986 formulae

348 1025 568 1094 describendi
585 1027 736 1095 virtutes
758 1027 830 1094 iam
853 1049 921 1094 usu
941 1037 1127 1114 perceptae
1150 1037 1187 1093 et
1210 1025 1527 1093 consuetudinibus

347 1135 529 1202 rhetorum
546 1145 648 1202 erant
668 1133 784 1219 tritae3
809 1156 899 1222 quae
922 1155 1029 1221 quam
1052 1155 1157 1220 saepe
1181 1157 1201 1200 a
1225 1131 1453 1220 scriptoribus
1468 1133 1529 1199 ad-

347 1239 482 1309 hibitae
498 1240 571 1309 sint
586 1243 712 1309 doceat
729 1243 931 1325 Menander,
953 1240 1053 1308 cuius
1068 1241 1176 1308 verba
1192 1240 1259 1307 etsi
1274 1238 1528 1327 posterioribus

348 1347 566 1436 temporibus
590 1348 721 1438 scripta
747 1348 862 1436 priore
886 1370 1025 1435 qnoque
1048 1357 1165 1414 aetate
1187 1349 1305 1414 valere
1329 1357 1481 1436 apparet

452 1457 527 1540 περὶ
559 1459 637 1522 ἐπιδ.
665 1457 752 1522 rhet
788 1456 849 1523 Gr.
873 1476 905 1541 p.
929 1459 1024 1538 373‚7
1037 1456 1072 1520 ii.
1109 1455 1218 1542 ἀρεταὶ
1255 1455 1324 1542 [τοῦ
1358 1453 1525 1540 βασιλέως]

348 1566 497 1646 τέσσαρές
520 1560 613 1630 aloru:
639 1565 770 1647 ἀνδρεία
795 1563 981 1646 δικαιοσύνη
1006 1564 1202 1646 σωφροσύνη
1227 1565 1390 1648 φρόνησις.

459 1673 506 1735 12.
543 1672 729 1756 φρονήσεως
752 1671 817 1734 ἐστι
839 1669 875 1734 τὸ
899 1673 1093 1757 στρατηγεῖν
1109 1670 1218 1748 καλῶς
1234 1669 1269 1736 ἐν
1283 1677 1348 1741 τοῖς
1362 1671 1527 1752 πολέμοις.

457 1781 504 1842 l4.
541 1778 709 1866 ἐκφράσεις
743 1774 800 1842 καὶ
834 1777 952 1860 λόχους
979 1775 1035 1842 καὶ
1059 1775 1191 1858 ἐνέδρας
1212 1778 1266 1842 καὶ
1288 1784 1347 1842 τοῦ
1369 1775 1528 1860 βασιλέως

350 1884 428 1950 κατὰ
451 1891 516 1949 τῶν
539 1885 689 1949 ἐναντίων
711 1882 768 1950 καὶ
791 1890 855 1948 τῶν
879 1883 1027 1948 ἐναντίων
1046 1883 1126 1948 κατὰ
1148 1890 1204 1949 τοῦ
1227 1885 1397 1967 βασιλέως.

296 1977 298 1982 ¹
455 1995 528 2075 374,
543 1995 592 2057 24.
627 1991 708 2076 μετὰ
731 1992 770 2057 τὸ
792 1993 879 2064 τέλος
898 1997 962 2056 τῶν
984 1993 1135 2074 πράξεων
1157 1989 1251 2074 ἢκαὶ
1273 1991 1356 2074 πρὸς
1377 1995 1428 2074 τῷ
1451 1993 1527 2055 τέλει

346 2105 410 2164 τῶν
445 2101 600 2183 πράξεων
635 2101 714 2184 ἐρεῖς
746 2124 781 2165 τι
814 2100 867 2164 καὶ
900 2098 973 2181 περί
1001 2101 1102 2183 τρίτης
1130 2100 1249 2182 ἀρετῆς,
1281 2099 1364 2186 λέγω
1389 2099 1428 2182 δὴ
1451 2097 1526 2182 περὶ

346 2203 594 2290 φιλανθρωπίας
621 2252 757 2272 .....
781 2207 820 2271 τδ
855 2208 1007 2300 trinam
1033 2213 1089 2271 τοῦ
1113 2204 1225 2288 γένους
1248 2207 1421 2279 σώζεσθαι.
1457 2207 1525 2288 ἅμα

345 2311 405 2394 μὲν
428 2314 477 2376 ἵνα
499 2319 653 2395 μνημεῖον
672 2319 728 2376 τοῦ
748 2314 875 2383 πάδοος
889 2319 948 2378 τοῦ
964 2313 1130 2394 γεγονότος
1146 2313 1311 2394 σώζηται
1333 2313 1375 2377 τὸ
1398 2313 1524 2379 λειπό-

346 2439 474 2499 μενον,
504 2419 572 2500 ἅμα
600 2418 634 2482 δὲ
662 2420 713 2482 ἵνα
737 2416 794 2482 καὶ
816 2419 871 2501 τὴν
895 2419 1154 2506 φιλανθρωπίαν
1178 2419 1356 2508 ἐνδείξηται
1397 2417 1524 2506 quibus

347 2543 428 2588 cum
443 2520 560 2589 verbis
576 2520 693 2607 velim,
710 2523 868 2589 conferas
883 2522 1033 2608 Josephi
1050 2524 1094 2589 de
1109 2521 1193 2590 Tito
1210 2524 1350 2612 saepius
1367 2525 1523 2614 repetita.

453 2631 504 2698 VI
522 2633 595 2696 350.
630 2631 676 2696 τοὶ
692 2630 806 2698 λοιπὰ
823 2631 959 2716 σῴζων
975 2633 1129 2715 ε’μαντῶ
1145 2641 1181 2698 et
1196 2634 1247 2701 VI
1265 2637 1337 2700 333.
1373 2636 1393 2717 η
1411 2634 1523 2716 φιλαν-

346 2737 517 2825 δρωπίαῖ)
534 2769 569 2792 ω
593 2740 679 2822 127,
702 2741 736 2806 V
752 2743 816 2804 334
841 2748 877 2805 et
900 2739 943 2805 de
966 2737 1175 2806 fortitudine
1198 2741 1359 2825 exempla
1381 2737 1524 2826 proeliis

348 2842 590 2931 singularibus
613 2846 769 2932 probata,
794 2867 884 2933 quae
901 2857 1074 2934 quantum
1090 2845 1214 2912 Titum
1238 2845 1403 2911 laudibus
1423 2843 1525 2908 attol-

348 2950 519 3018 lantiam
542 2951 631 3018 mihi
655 2951 769 3020 dicere
793 2975 864 3020 non
889 2963 944 3019 est
966 2974 1116 3018 necesse.
1125 2953 1150 3036 ³)

455 3058 716 3146 Vespasianum
751 3069 871 3126 autem
909 3058 1081 3123 inducens
1120 3076 1191 3121 non
1231 3062 1325 3118 recta
1364 3049 1523 3118 oratione

347 3160 433 3230 iacit
447 3161 626 3248 iudicium,
651 3166 712 3231 sed
735 3163 890 3252 primum
913 3161 1080 3228 describit
1104 3157 1270 3245 cogitatis
1286 3157 1438 3226 Neronis
1462 3157 1522 3246 qui

453 3272 556 3338 1114.
592 3273 726 3359 εὑρίσκει
759 3272 861 3354 ἄνδρα
885 3277 953 3342 ταῖς
975 3269 1048 3334 ἀπὸ
1070 3269 1218 3356 νεότητος
1240 3265 1414 3352 στρατείαις
1437 3270 1522 3358 ἐγγε-

346 3378 518 3466 γηρακότα,
553 3379 846 3466 προειρηνεύσαντα
879 3378 936 3461 τὴν
967 3377 1111 3459 ἑσπέραν,
1145 3377 1431 3464 προσκτησάμενον
1464 3376 1524 3459 τὴν

346 3485 541 3571 Βρεττανίαν
563 3517 598 3540 ω
622 3487 715 3550 1116
740 3481 867 3550 deinde
891 3481 1111 3550 sermonibus
1119 3482 1147 3568 ⁴)
1169 3480 1332 3566 militum,

422 3717 427 3724 '
459 3717 480 3804 ¹)
506 3721 543 3780 cl.
560 3722 706 3798 imprimis
730 3723 769 3779 de
786 3721 961 3779 Domitiano
978 3721 1199 3780 Germanorum
1216 3721 1329 3778 victore
1346 3719 1412 3790 Vll,
1436 3717 1523 3782 8618.

458 3808 484 3892 ²)
509 3830 570 3886 qua
592 3811 700 3868 virtute
731 3812 845 3868 nullam
868 3811 960 3868 aliam
990 3830 1094 3888 regum
1117 3811 1213 3887 magis
1244 3812 1431 3868 celebratam
1455 3825 1523 3866 esse

348 3899 472 3973 exponit
505 3901 690 3968 Wendland,
726 3901 776 3957 die
811 3901 1106 3959 hellenistisch-rdm.
1140 3901 1248 3957 Kultur
1282 3899 1313 3956 in
1346 3900 1431 3956 ihren
1465 3897 1522 3954 Be·-

349 3987 516 4064 n'iehungen
539 4007 575 4046 zu
597 3989 762 4065 Judentum
784 3990 846 4047 und
870 3989 1073 4048 Christentum
1096 4011 1126 4066 p.
1149 3989 1203 4049 77.

455 4076 672 4153 δάμἏ
1490 4106 1493 4109 Α

456 4165 482 4244 ⁴)
506 4165 544 4224 cf.
566 4167 691 4227 Tacitus
715 4187 784 4226 ann.
807 4168 864 4229 19
897 4170 935 4226 de
959 4170 1103 4244 Angusto,
1134 4167 1228 4228 1173
1261 4168 1300 4224 de
1328 4165 1523 4233 Germanico,

347 4253 429 4314 Curt.
444 4255 511 4314 Rus.
527 4255 571 4314 111
593 4256 678 4329 15,5
703 4259 741 4316 de
765 4258 946 4328 Alexandro,
970 4257 1103 4327 Norden,
1127 4257 1236 4316 Antike
1260 4253 1524 4332 Konstpr.1304.
