3460 5122
510 1196 768 1300 Conspectus
796 1196 1113 1279 dissertationis.

224 1503 373 1562 Praelatio
445 1551 840 1568 ........
878 1524 879 1527 ’
889 1553 1231 1568 .......
1278 1527 1308 1582 p.

224 1611 273 1667 De
297 1609 390 1667 Flavii
412 1611 537 1686 Josephi
561 1612 665 1668 studiis
688 1612 844 1669 rhetoricis
892 1657 1234 1676 .......
1289 1655 1303 1689 ,,

293 1717 331 1774 de
355 1725 531 1793 argumento
558 1761 1233 1782 .............
1288 1763 1303 1798 „

333 1824 371 1881 de
395 1824 553 1898 prooemio
612 1870 1232 1888 ............
1288 1869 1302 1904 „

333 1931 372 1987 de
396 1931 582 1988 orationibus
612 1975 1231 1995 ............
1287 1976 1301 2008 ,,

386 2039 424 2094 de
448 2039 612 2112 prooemiis
668 2082 1231 2102 ...........
1287 2081 1302 2116 „

387 2145 425 2202 de
449 2145 708 2219 argumentatione
727 2191 1234 2209 ..........
1289 2187 1304 2222 „
1361 2145 1395 2204 ll

441 2253 479 2308 de
504 2251 645 2308 suasoriis
668 2252 911 2328 panegyricoque
948 2299 1233 2315 ......
1288 2295 1303 2329 ῃ
1361 2251 1395 2310 ll

440 2359 479 2415 de
504 2366 599 2415 morte
623 2359 789 2415 voluntaria
836 2404 1234 2422 ........
1289 2401 1304 2437 „
1360 2358 1398 2417 17

440 2465 479 2521 de
503 2465 736 2522 allocutionibus
783 2510 1234 2528 .........
1289 2509 1304 2544 „
1358 2464 1399 2525 24

441 2573 479 2629 de
504 2573 630 2647 epilogis
670 2619 1233 2635 ...........
1289 2615 1304 2651 „
1358 2571 1400 2632 26

387 2679 426 2736 de
451 2679 648 2754 dispositione
670 2723 1235 2742 ...........
1290 2722 1305 2757 „
1358 2678 1400 2738 27

336 2787 374 2843 de
399 2786 653 2862 descriptionibus
670 2832 1234 2849 ...........
1289 2829 1305 2864 „
1358 2785 1399 2846 29

295 2894 334 2950 de
358 2895 530 2951 elocutione
561 2938 1234 2957 .............
1289 2935 1304 2970 „
1358 2893 1400 2952 44

335 3001 374 3057 de
396 3003 557 3058 verborum
582 3001 703 3058 delectu
728 3046 1236 3063 ..........
1290 3042 1306 3077 „
1359 2999 1400 3058 44

335 3108 373 3165 de
398 3109 619 3182 compositione
671 3151 1235 3169 ...........
1290 3149 1305 3182 ῃ
1358 3104 1400 3165 53

390 3216 428 3272 de
452 3215 536 3272 biatu
560 3259 1235 3277 .............
1290 3255 1305 3289 „
1358 3211 1400 3271 53

390 3322 429 3378 de
452 3323 613 3378 verborum
641 3321 842 3378 collocatione
894 3363 1235 3382 .......
1290 3361 1305 3396 „
1359 3317 1400 3377 55

390 3429 428 3485 de
453 3428 675 3485 enuntiatorum
700 3435 846 3485 structura
894 3471 1235 3490 .......
1290 3468 1305 3503 „
1359 3423 1401 3484 57

337 3536 375 3592 de
400 3543 507 3594 ornatu
559 3579 1235 3598 .............
1290 3575 1305 3610 „
1359 3529 1401 3590 66

390 3645 429 3700 de
453 3641 609 3700 sententiis
671 3685 1234 3703 ...........
1290 3681 1305 3717 „
1359 3636 1401 3697 67

390 3751 429 3807 de
453 3748 696 3807 similitudinibus
729 3792 1236 3810 ..........
1292 3788 1306 3824 „
1360 3744 1397 3803 71

391 3859 429 3913 de
453 3857 546 3932 tropis
564 3899 1237 3918 .............
1291 3894 1306 3929 „
1360 3849 1401 3909 74

391 3966 428 4020 de
452 3963 554 4040 figuris
617 4005 1237 4026 ............
1292 4001 1306 4036 „
1360 3957 1401 4017 83
