3468 5128
666 371 886 436 ..17-

301 580 371 652 Sed
399 584 487 650 haec
510 581 652 670 quidem
675 583 864 662 hactenus;
897 593 1006 651 restat
1028 593 1069 649 ut
1091 585 1269 672 Josephus
1291 605 1369 671 pro·

193 687 335 776 pinquis
370 689 510 778 populis
545 690 825 758 commemoratis
862 690 928 778 (καί
956 695 986 756 τί
1017 693 1065 757 δεῖ
1088 688 1261 778 πόρρωθεν
1291 695 1369 776 ὑμῖν

192 791 250 886 τήν
271 787 444 882 Ῥωμαίων
468 799 604 884 δύναμιν
633 787 860 866 διτοδεικνίναι
883 801 919 863 11
944 802 1019 879 385)
1051 807 1087 864 et
1109 819 1171 884 spe
1194 795 1368 863 sociorum

195 904 350 971 refutata
373 904 417 970 ad
441 915 634 972 extremam
657 915 794 991 partem
817 903 1136 992 argumentationis
1159 902 1294 972 veniat:

300 1013 425 1078 11390.
461 1004 571 1079 λοιπὸν
602 1011 660 1078 οὖν
691 1011 743 1078 ἐπὶ
766 1006 826 1102 τὴν
855 1021 914 1079 τοῦ
936 1018 1024 1090 Ιθεοῦ
1055 1010 1242 1098 συμμαχίαν
1271 1038 1369 1079 κατα-

192 1121 352 1202 φευκτέον
379 1117 431 1207 (ci
456 1117 617 1185 Ananim.
641 1123 733 1210 τέχνη
761 1143 792 1207 p.
818 1123 879 1184 184
902 1119 960 1207 Sp.
990 1118 1213 1209 περιγίνονται
1242 1116 1368 1192 utinm

192 1218 246 1292 riui
269 1219 326 1314 τὴν
347 1233 415 1292 τῶν
437 1231 528 1293 θεῶν
553 1229 699 1300 εὔνοιαν.)

305 1333 406 1416 Quae
428 1331 629 1419 propositio,
654 1354 867 1420 quamquam
891 1334 1063 1400 nonnulla
1085 1334 1193 1401 verba
1216 1332 1367 1418 περὶτοῦ

191 1437 332 1525 νομίμου
358 1439 444 1506 iacit
471 1440 597 1524 rhetor,
627 1450 745 1508 tamen
773 1441 886 1508 multo
915 1440 1111 1508 accuratius
1139 1439 1176 1506 in
1206 1438 1365 1507 oratione

190 1545 339 1632 Josephi
366 1545 477 1632 ipsius
505 1557 676 1614 tractatur
704 1557 739 1614 et
769 1549 1022 1634 comprobatur,
1047 1569 1136 1634 quae
1159 1547 1260 1634 quasi
1285 1569 1364 1614 con-

191 1652 337 1720 tinuans
360 1652 565 1741 panegyrici
589 1653 934 1741 argumentationem
958 1654 1116 1742 disputat
1139 1654 1213 1721 his:

303 1763 460 1830 V36718.
495 1769 563 1828 τῶν
597 1759 693 1828 ἰδίων
728 1751 913 1852 οἷμνήμονες
947 1761 1129 1848 συμμάχων
1163 1763 1278 1834 ὅπλοις
1309 1761 1365 1828 καί

189 1867 299 1954 χερσίν
320 1870 488 1953 πολεμεῖτε
514 1872 701 1953 Ῥωμαίοις;
735 1869 805 1936 τίνα
830 1870 890 1958 γὰρ
921 1873 1023 1941 οὕτως
1054 1866 1258 1958 ἐνικήσαμεν,
1289 1866 1364 1936 πότι

191 1965 272 2042 δὀὔ
296 1971 380 2054 θεὸς
404 1966 552 2054 ὁκιίαας
575 1971 616 2043 δν
640 1977 810 2044 ἀδικῶνται
832 1967 995 2043 Ἰουδαίων
1018 1974 1165 2054 ἔκδικος
1267 1967 1364 2042 οίκού-

189 2106 239 2148 ετε
278 2134 284 2146 .
308 2133 315 2146 .
339 2135 345 2148 .
381 2085 431 2147 ίνα
454 2088 554 2169 γνῶτε
576 2079 619 2167 μί
650 2079 749 2166 μόνον
772 2074 940 2166 Ῥωμαίοις
965 2085 1178 2166 πολεμοῖνιες
1207 2072 1287 2150 ἄλλοί
1310 2084 1364 2148 καί

189 2197 235 2277 aq]
258 2195 330 2273 θεῷ
353 2199 388 2256 et
411 2190 612 2256 domesticis
639 2189 808 2275 exemplis
833 2210 975 2255 causam
998 2193 1222 2256 demonstrat.

298 2294 475 2380 Quoniam
507 2317 622 2382 genus
657 2295 929 2382 argumentandi
963 2297 1055 2382 quod
1089 2297 1205 2362 adhuc
1238 2306 1362 2364 tracta·

189 2401 307 2470 vimus
323 2402 547 2490 panegyricis
560 2413 595 2469 et
607 2401 774 2469 historiae
790 2403 959 2490 exemplis
973 2401 1227 2487 continebatur,
1243 2403 1362 2470 venia-

190 2532 271 2576 mus
294 2532 390 2576 nunc
406 2512 450 2576 ad
467 2509 563 2578 aliud
580 2533 694 2598 genus
710 2511 804 2597 quod
820 2510 857 2577 in
874 2509 943 2577 illis
959 2510 1177 2577 orationibus
1193 2521 1360 2594 versatur,

190 2639 278 2704 quas
301 2615 338 2683 in
362 2628 549 2706 utramque
571 2629 708 2704 partem
732 2619 917 2705 disputans
940 2619 984 2684 de

598 2853 716 2919 morte
739 2849 947 2918 voluntaria

192 2973 396 3062 composuit
1252 3053 1254 3062 Ι

296 3085 421 3169 Neque
454 3079 542 3147 mihi
576 3081 692 3168 placet
726 3079 968 3167 quaestionem
1000 3079 1036 3146 in
1069 3081 1358 3168 philosophorum

191 3187 320 3254 scholis
359 3187 532 3275 sectisque
570 3210 737 3276 persaepe
773 3198 958 3254 tractatam
991 3187 1163 3274 explicate
1196 3187 1358 3275 persequi

189 3294 420 3382 singulosque
440 3295 542 3378 locos
565 3305 691 3380 partes,
715 3317 838 3361 causas
854 3294 1071 3381 scriptorum,
1088 3294 1243 3380 cogitata
1259 3297 1358 3362 affer-

189 3425 234 3486 re,
258 3403 302 3468 de
325 3401 453 3488 quibus
476 3401 570 3487 apud
594 3402 913 3482 Baumhauerum1)
936 3424 991 3467 res
1014 3412 1050 3468 et
1064 3413 1251 3488 praecepta
1267 3401 1357 3470 Stoi-

190 3531 310 3576 corum
341 3507 537 3575 accuratius
567 3507 739 3594 exposita,
771 3507 857 3575 alios
887 3509 982 3574 locos
1005 3509 1166 3575 laudatos
1189 3508 1356 3575 invenies.

189 3618 356 3683 Attamen
387 3627 428 3682 ut
458 3613 638 3702 intelligas
670 3638 740 3703 qua
773 3617 816 3682 de
849 3638 954 3683 causa
976 3616 1154 3702 Josephus
1185 3625 1258 3682 tam
1281 3615 1356 3681 dili-

189 3733 315 3810 genter
347 3723 484 3789 duabus
516 3720 734 3790 orationibus
767 3721 1009 3810 quaestionem
1038 3721 1247 3806 tractaverit,
1270 3744 1356 3789 non-

298 3955 323 4042 ¹)
347 3961 385 4019 de
418 3970 515 4021 morte
546 3961 714 4020 voluntaria
747 3961 819 4037 quid
847 3959 1019 4019 censuerint
1046 3967 1163 4018 veteres
1190 3959 1353 4035 praecipue

188 4049 292 4118 Stoici,
314 4050 448 4109 Traiecti
472 4052 511 4109 ad
531 4050 669 4108 Rhenum
696 4049 789 4117 1842,
812 4049 849 4107 cf.
865 4050 969 4115 Zeller‚
993 4049 1099 4108 Philos.
1117 4049 1170 4106 der
1193 4048 1354 4115 Griechen‚

188 4139 324 4215 Register
346 4157 370 4197 s.
384 4160 411 4198 v.
426 4141 611 4198 Selbstmord
634 4139 805 4215 nuperrime
828 4139 937 4206 Hiram,
961 4139 1015 4196 der
1029 4139 1223 4206 Selbstmord‚
1246 4138 1354 4195 Archiv

188 4226 234 4285 fiir
256 4228 442 4305 Religionsw.
468 4228 561 4300 1907,
583 4228 635 4299 XI,
661 4229 674 4289 l
701 4247 731 4304 p.
754 4226 806 4290 75.

1246 4363 1264 4420 2
