3468 5128
863 385 1062 446 ...3-

380 593 549 664 Sallustio
577 593 654 662 aliis
686 593 875 662 exercitam
908 593 1085 684 Ulpianus
1095 593 1117 684 ¹)
1151 593 1338 681 vituperat,
1371 591 1547 660 orationes

378 701 521 769 alterius
537 701 726 770 sacerdotis
739 702 783 768 ab
795 700 1049 769 exclamatione
1070 703 1089 788 ἧ
1105 699 1203 769 καλόν
1214 728 1249 787 γε
1259 693 1300 782 ἦν
1312 701 1383 786 ἐμοὶ
1399 698 1549 768 τεθνάναι

382 811 446 898 (IV
470 811 552 897 163),
576 807 719 876 alterius
743 809 807 895 (IV
824 810 899 897 239)
923 808 1040 896 figura
1063 811 1266 894 πλογιοσμοῦ
1289 806 1479 894 praemissa
1503 808 1546 874 ab

380 913 565 983 enuntiato
600 915 875 983 Demosthenica
908 917 965 984 vel
999 916 1151 984 oratoria
1177 915 1313 982 ratione
1341 914 1547 1002 composito:
1589 909 1593 914 ’

485 1043 537 1108 IV
552 1045 624 1109 239.
652 1037 681 1108 εἰ
702 1043 761 1126 μὲν
783 1045 896 1128 ἑώρων
918 1035 978 1130 την
1006 1045 1150 1118 σύνταξιν
1172 1045 1271 1127 ὑμῶν,
1295 1043 1354 1106 οὐκ
1379 1033 1419 1106 ἂν
1434 1041 1550 1123 ἄλογον

381 1141 437 1238 τὴν
461 1137 565 1236 ὄρμην
587 1149 819 1234 ὑπελάμβανον.
845 1144 1025 1234 οὐδὲνγὰρ
1049 1152 1154 1221 οὕτως
1178 1149 1338 1233 συνίστησι
1352 1139 1413 1219 τάς
1428 1149 1549 1218 εὐνοίας

382 1244 427 1327 ὦς
457 1251 584 1341 τρόπον
615 1258 781 1343 συγγένεια.
834 1264 890 1322 νῦν
923 1257 958 1322 δέ
1114 1255 1262 1322 eandem
1290 1275 1373 1321 vero
1400 1253 1548 1319 formam

382 1359 550 1448 prooemii
574 1382 643 1448 qua
666 1361 758 1428 inter
780 1360 877 1448 prius
894 1361 1118 1429 enuntiatum
1134 1372 1170 1428 et
1185 1359 1358 1447 posterius
1374 1358 1550 1427 sententia

380 1465 623 1554 interponitur,
647 1466 792 1535 adhibet
814 1469 992 1555 Josephus
1015 1469 1052 1535 in
1076 1467 1137 1535 illa
1160 1465 1318 1534 oratione
1341 1465 1545 1555 panegyrici

380 1575 485 1640 modo
504 1597 529 1648 ,a
543 1597 627 1661 rege
642 1573 810 1663 Agrippa,
833 1585 874 1641 ut
888 1576 1043 1660 Judaeos
1059 1599 1080 1642 a
1095 1576 1187 1642 bello
1203 1574 1397 1662 prohibeat,
1420 1572 1551 1656 habita,

383 1703 472 1768 quae
495 1679 620 1768 incipit
643 1681 687 1748 ab
710 1681 766 1748 his
789 1680 919 1749 verbis:

489 1809 621 1874 11345.
656 1811 684 1874 εἰ
706 1809 766 1892 μὲν
793 1805 905 1890 ἑώρων
932 1805 1057 1888 πάντας
1083 1811 1170 1893 ὑμᾶς
1200 1810 1352 1894 ποίεμεῖν
1379 1799 1553 1893 Ῥωμαίοις

384 1905 589 2003 ὡρμημένους
622 1913 678 1981 καὶ
710 1907 755 2004 μὴ
787 1909 822 1982 τό
857 1917 1082 2000 καθαρώτατον
1116 1915 1172 1982 καὶ
1207 1912 1465 2000 εἰλικρινέστατον
1497 1921 1553 1980 τοῦ

383 2018 488 2110 άήμου
517 2019 645 2110 εἰρήνην
673 2011 758 2112 άγειν
784 2026 1033 2110 προῃρημένους,
1057 2013 1122 2089 οὔτ’
1136 2011 1177 2090 «iv
1199 2025 1367 2113 παρῆλθον
1394 2019 1442 2101 εἷς
1469 2024 1554 2106 ὑμᾶς

384 2131 457 2194 οὔτε
489 2127 715 2214 συμβουλεύειν
747 2127 925 2217 ἐθάρρησα.
961 2125 1127 2217 (περισσὸς
1158 2125 1220 2219 γὰρ
1251 2135 1317 2208 πᾶς
1343 2125 1437 2218 λόγος
1461 2127 1553 2214 ...)

383 2234 454 2302 ἐπεὶ
490 2235 526 2302 δὲ
534 2235 558 2321 ²)
588 2287 766 2302 ......
794 2227 912 2326 ᾠήθην
946 2238 1013 2304 δεῖν
1047 2239 1104 2302 ἐπί
1136 2233 1172 2303 τὸ
1207 2229 1284 2302 αὐτὸ
1318 2232 1439 2314 πάντας
1471 2238 1554 2320 ὑμᾶς

385 2333 572 2430 συναγαγὼν
595 2339 703 2409 εἰπεῖν
719 2329 740 2409 ἃ
757 2341 880 2427 νομίζω
896 2346 1075 2428 συμφέρειν.
1130 2359 1133 2367 “

495 2449 612 2532 Quam
639 2449 788 2514 formam
816 2457 852 2514 et
878 2446 1051 2515 rationem
1078 2449 1201 2516 multis
1229 2447 1398 2535 exemplis
1423 2458 1554 2515 certam

387 2563 423 2620 et
445 2564 678 2622 contestatam
694 2577 774 2621 cum
790 2555 939 2642 longum
955 2553 1001 2622 sit
1017 2555 1189 2643 explicate
1205 2557 1401 2643 explanare,
1424 2577 1554 2642 paucos

385 2661 480 2728 locos
518 2684 657 2749 appono
695 2661 873 2730 variorum
905 2662 1113 2751 scriptorum
1148 2663 1436 2752 diversorumque
1470 2674 1555 2730 tem·

385 2790 522 2857 porum:
841 2860 843 2864 .

493 2875 618 2951 Livius
645 2881 733 2944 XXI
766 2883 804 2944 13
833 2883 892 2948 112.
921 2878 950 2945 si
975 2889 1190 2946 vester
1214 2876 1415 2958 rettulisset,
1438 2896 1555 2962 super-

387 3007 582 3053 vacaneum
609 2983 697 3050 mihi
726 2986 794 3051 hoc
821 2984 954 3068 fuisset,
982 2986 1044 3051 sed
1073 3006 1152 3050 cum
1255 2985 1294 3049 cf.
1319 2983 1426 3048 XXII
1451 2985 1502 3062 39,
1529 2984 1554 3044 l.
1615 2987 1617 2991 ’

388 3094 554 3175 XXXIV,
579 3096 607 3175 2,
635 3097 660 3158 1.
685 3095 713 3176 5,
741 3097 768 3160 l.
786 3090 932 3178 saepius,
958 3089 1098 3158 Curtius
1120 3091 1235 3155 Rufus
1259 3091 1291 3156 V
1315 3093 1344 3172 8,
1369 3091 1396 3154 6.
1421 3085 1450 3153 si
1475 3107 1554 3152 cum

388 3196 530 3286 ignavis
553 3199 696 3264 fortuna
717 3219 775 3264 me
797 3196 979 3274 iunxisset,
1003 3207 1153 3264 tacerem
1176 3195 1295 3282 potius
1320 3248 1377 3264 ...

454 3350 457 3358 ¹
496 3326 668 3390 Isocrates
686 3327 714 3407 6,
727 3327 755 3388 2.

496 3428 526 3498 εἰ
540 3433 599 3516 μέν
620 3456 667 3502 τις
686 3432 787 3510 ,ἀξίως
810 3421 946 3514 εἰρηκὼς
968 3431 1016 3514 ἢν,
1038 3430 1159 3513 πολλὴν
1182 3432 1221 3494 ἂν
1244 3432 1377 3514 ἡσυχίαν
1392 3429 1478 3513 ἦγον,
1501 3435 1557 3494 νῦν

392 3531 421 3606 δ’
445 3541 532 3622 ὁρῶν
556 3589 563 3602 .
586 3590 593 3604 .
618 3539 776 3622 ἀνέστην.
801 3588 808 3601 .
831 3541 852 3601 ἃ
875 3539 1049 3625 γιγνώσκω.

358 3646 360 3650 ’
497 3641 726 3717 Lesbonactis
748 3645 909 3716 πολιτικάς
932 3648 956 3710 1.

497 3755 526 3818 εἰ
544 3753 603 3836 μὲν
626 3754 739 3835 ἑώρων
763 3801 769 3815 .
794 3801 800 3815 .
824 3802 830 3816 .

503 3965 527 4052 ¹)
551 3973 645 4031 schol.
661 3972 691 4028 in
706 3971 864 4030 Demosth.
879 3970 1054 4048 olyntum
1070 3971 1250 4049 Volkmann,
1265 3969 1430 4030 Rhetorik2
1445 3989 1474 4044 p.
1488 3968 1558 4028 147.

501 4059 527 4137 ²)
551 4061 589 4118 de
618 4061 764 4136 oppositis
792 4061 952 4118 enuntiatis
985 4053 1074 4141 εἶμέν
1107 4053 1202 4123 νῦνδέ
1236 4059 1273 4118 ci.
1305 4058 1558 4118 Rehdanta-Blast

308 4149 310 4154 ’
394 4151 600 4227 Ausgewtthlte
629 4149 737 4207 Reden
775 4150 829 4208 den
859 4149 1083 4210 Demosthenes
1113 4149 1156 4207 IV
1183 4149 1196 4210 l
1232 4151 1319 4208 Anm.
1349 4149 1558 4224 Hermogenes

394 4239 504 4310 3,148
528 4256 562 4281 Ν
584 4241 659 4298 thet.
683 4238 735 4302 Gr.
752 4239 781 4296 11
803 4259 833 4315 p.
856 4238 920 4300 237
944 4240 993 4316 Sp.
