3468 5128
857 381 1071 443 ..10-

377 592 520 662 extendi
549 591 711 659 nonnulli
734 592 905 660 vetabant
927 590 1063 680 (Quint
1085 595 1136 662 IV
1159 596 1189 678 5,
1205 591 1249 682 3),
1276 614 1354 660 esse
1376 601 1546 676 secutum,

378 701 528 768 doceant
549 700 637 767 haec
660 699 779 767 verba:

485 809 536 876 IV
562 811 632 874 186.
656 809 931 892 καταπλήσσονται
955 797 984 873 δ’
997 811 1076 888 ἴσως
1100 812 1130 874 oi
1151 809 1261 875 πολλοὶ
1282 808 1318 874 τδ
1341 809 1472 893 πλῆθος
1494 810 1547 874 καί

376 917 431 1000 τήν
453 917 579 1000 τόλμαν,
614 917 656 980 ἔτι
679 916 787 981 δὲκαὶ
812 915 869 999 τήν
896 912 933 982 ἐκ
955 923 1014 982 τοῦ
1041 917 1141 983 τόπου
1163 916 1361 990 πλεονεξίαν,
1396 913 1545 1002 quaein

378 1019 538 1108 sequenti
555 1019 862 1107 argumentatione
886 1023 1110 1109 comprobata
1131 1023 1203 1088 iere
1226 1021 1271 1088 ad
1287 1022 1435 1089 verbum
1458 1019 1547 1088 exci-

378 1126 525 1215 piuntur
551 1132 612 1194 187
635 1131 771 1220 πλήδος,
798 1133 859 1194 189
882 1129 991 1214 τόλμα,
1019 1133 1079 1196 189
1103 1129 1323 1220 πλεονέκτημα
1346 1129 1434 1216 (etl
1459 1127 1545 1216 462).

484 1236 597 1302 Multo
626 1247 746 1304 autem
774 1235 988 1302 accuratiore
1016 1234 1207 1323 partitione
1235 1235 1348 1302 utitur
1368 1235 1546 1324 Josephus

376 1341 414 1408 in
444 1341 504 1410 illa
533 1341 690 1410 suasoria
717 1339 812 1429 regis
834 1340 1014 1429 Agrippae
1037 1345 1087 1428 (ΙΙ
1112 1340 1188 1431 345)
1216 1342 1272 1409 vel
1295 1340 1414 1429 potius
1441 1363 1547 1430 pane·

378 1447 497 1536 gyrico
532 1448 669 1536 imperii
694 1447 846 1516 Romani
881 1470 987 1536 supra
1009 1470 1041 1536 p.
1064 1453 1083 1514 8
1108 1459 1387 1533 commemorem,
1415 1447 1546 1536 inquo

377 1554 566 1643 diligenter
600 1555 842 1643 componendo
877 1565 913 1622 et
940 1577 1045 1642 quam
1076 1553 1309 1642 pulcherrime
1343 1555 1545 1623 exornando

376 1685 458 1729 eum
481 1685 656 1730 summam
687 1684 827 1750 operam
859 1661 1126 1750 consumpsisse,
1157 1673 1261 1730 etex
1290 1661 1448 1730 oratione
1472 1673 1546 1730 tota

377 1780 413 1837 et
436 1793 455 1837 e
478 1769 594 1837 verbis
617 1767 867 1858 propositionis
889 1779 1008 1857 potest
1031 1769 1211 1857 cognosci:

483 1880 518 1942 ΙΙ
532 1882 604 1944 348.
630 1880 702 1945 οῖδα
716 1879 775 1963 μὲν
791 1877 849 1944 οὖν
861 1879 910 1945 ὅτι
924 1877 1044 1944 πολλοὶ
1054 1879 1110 1950 τὰς
1122 1881 1157 1943 ἑκ
1168 1885 1233 1944 τῶν
1244 1880 1429 1962 ἐπιτρόπων
1440 1881 1547 1963 ὕβρεις

375 1984 431 2052 καὶ
454 1987 491 2051 τὰ
514 1995 568 2071 τῆς
591 1986 775 2073 ἐλευθερίας
791 1985 935 2071 ἐγκώμια
957 1987 1188 2072 τραγωδοῦσιν,
1212 1987 1276 2070 ἐγὼ
1293 1987 1328 2052 δὲ
1343 1987 1421 2072 πρὶν
1441 1987 1545 2062 ἐξετά-

378 2096 440 2168 ζειν
465 2096 544 2173 τίνες
567 2097 654 2174 ὄντες
676 2096 729 2160 καί
751 2096 829 2160 τύσιν
852 2096 1034 2179 ἐπιχειρεῖτε
1055 2095 1211 2178 πολεμεῖν,
1234 2100 1367 2181 πρῶτον
1392 2095 1546 2170 διαζεύξω

375 2201 431 2284 τήν
454 2203 640 2285 συμπλοκήν
661 2208 726 2266 τῶν
749 2203 984 2288 προφάσεωνδ)

485 2309 617 2390 Restat,
634 2317 674 2373 ut
690 2328 810 2373 earum
826 2307 1034 2392 orationum,
1055 2329 1144 2394 quae
1160 2307 1203 2373 de
1218 2316 1331 2374 morte
1346 2306 1546 2374 voluntaria

376 2410 519 2479 habitae
534 2411 571 2479 in
585 2423 769 2502 utramque
780 2425 916 2500 partem
929 2415 1022 2481 hanc
1037 2413 1280 2501 quaestionem
1296 2412 1333 2480 in
1347 2413 1546 2483 Stoicorum

377 2517 594 2608 aliarumque
617 2531 792 2588 sectarum
819 2519 948 2588 scholis
971 2519 1099 2589 iterum
1127 2530 1233 2608 atque
1256 2519 1384 2588 iterum
1408 2544 1545 2589 summo

488 2717 512 2802 ¹)
537 2722 573 2780 cf.
598 2723 799 2781 Anaximenes
821 2717 911 2803 τέχνη
936 2722 1001 2804 ρητ.
1024 2723 1084 2798 Ιρ.
1104 2721 1164 2783 184
1181 2723 1231 2797 Sp.
1246 2720 1325 2802 περὶ
1347 2721 1472 2804 εἰρήνης
1493 2721 1546 2784 καί

376 2809 526 2922 πολέμουτ.
560 2810 743 2893 προφάσεις
775 2811 834 2894 μὲν
868 2809 926 2876 οὖν
959 2813 1032 2875 εἰσιν
1054 2816 1110 2874 τοῦ
1132 2810 1274 2891 πολέμου
1298 2811 1446 2891 ἐκφέρειν
1468 2809 1546 2891 πρός

375 2922 463 2969 τινας
485 2922 575 2964 αυται
598 2950 605 2964 .
629 2951 635 2964 .
661 2951 668 2966 .

484 2991 535 3051 21.
558 2989 613 3052 ἐὰν
635 2990 776 3072 πόλεμον
795 2990 949 3072 μέλλοντα
965 2989 1104 3070 γίνεσδαι
1121 2986 1306 3050 διακωλύειν
1322 2987 1544 3067 ἐπιχειρῶμεν,

376 3080 505 3156 πρῶτον
541 3078 601 3159 μὲν
639 3078 689 3143 διὰ
727 3079 919 3160 προφάσεων
957 3077 1096 3140 δεικτέον
1133 3078 1153 3158 ἢ
1191 3074 1351 3144 παντελῶς
1391 3069 1545 3156 οὐδεμίαν

376 3165 626 3248 ύπάρχουσανή
650 3166 766 3249 μικρὰς
788 3167 842 3230 καί
860 3165 1005 3236 ταπεινὰς
1028 3166 1126 3242 οὔσας
1146 3162 1202 3234 τὰς
1215 3159 1413 3246 δυσχερείας,
1437 3161 1542 3229 ἔπειθ’

379 3253 425 3330 ὡς
459 3256 498 3318 ού
533 3253 689 3340 συμφέρει
721 3256 880 3338 πολεμεῖν,
916 3255 1094 3332 διεξιόντας
1127 3252 1168 3317 τὰ
1199 3252 1279 3318 κατὰ
1306 3252 1363 3317 τόν
1397 3251 1546 3336 πόλεμον

378 3343 561 3426 ἀτυχήματα
583 3349 651 3415 τοῖς
673 3345 876 3427 ἀνθρώποις.

488 3436 535 3496 14.
558 3435 768 3516 περιγίνονται
804 3432 839 3498 δὲ
873 3434 985 3504 πάντες
1012 3437 1031 3516 ή
1057 3432 1110 3498 διὰ
1132 3432 1192 3515 τήν
1214 3437 1281 3496 τῶν
1300 3433 1389 3496 θεῶν
1411 3433 1544 3512 εὔνοιαν,

283 3536 285 3540 ’
377 3523 416 3603 ἣν
439 3523 579 3604 εὐτυχίαν
603 3524 899 3606 προσαγορεύομεν,
922 3526 941 3606 ή
966 3522 1020 3587 διὰ
1043 3521 1202 3605 σωμάτων
1224 3521 1348 3604 πλῆθος
1362 3521 1416 3584 καί
1431 3522 1545 3603 ῥώμην

377 3613 397 3692 ἢ
432 3609 483 3674 διὰ
517 3612 690 3700 χρημάτων
726 3609 888 3694 εὐπορίαν
921 3615 940 3694 ἢ
976 3611 1030 3677 διὰ
1065 3617 1239 3695 στρατηγοῦ
1267 3611 1419 3693 φρόνησιν
1446 3613 1466 3692 ἢ
1493 3609 1544 3672 διὰ

378 3700 557 3782 συμμάχων
580 3700 693 3784 ἀρετήν
716 3704 735 3784 ή
761 3701 811 3765 διὰ
834 3701 942 3766 τόπων
964 3700 1107 3788 εύηυίἀν.

484 3792 573 3860 Quae
601 3795 694 3850 verba
721 3801 783 3850 tam
818 3794 966 3869 explicate
1000 3794 1129 3861 laudavi,
1163 3811 1224 3851 non
1251 3793 1334 3868 quod
1368 3791 1544 3869 existimem,

377 3879 542 3955 josephum
567 3890 598 3940 et
621 3883 772 3941 adiutores
795 3884 933 3959 religiose
949 3884 1026 3941 haec
1049 3892 1215 3959 praecepta
1239 3882 1418 3957 disponendi
1442 3883 1545 3939 obser·

377 3987 473 4032 vasse.
505 3972 559 4028 sed
582 3979 615 4028 ut
638 3990 675 4030 ex
697 3991 757 4030 uuo
781 3974 919 4048 exemplo
948 3982 1154 4048 cognoscatur.
1186 3990 1276 4047 quam
1300 3971 1490 4045 frequentata
1514 3976 1545 4028 et

377 4060 500 4132 pertrita
524 4062 601 4118 haec
624 4063 789 4137 propositio
814 4063 842 4119 in
859 4065 1012 4120 rhetorum
1029 4062 1138 4119 scholis
1162 4059 1258 4127 fuerit,
1281 4061 1332 4136 qui
1348 4060 1408 4118 loci
1432 4059 1544 4118 similes

379 4149 526 4205 tralaticia
551 4151 682 4225 quadam
707 4152 822 4210 radone
847 4171 865 4208 a
888 4151 1104 4227 posterioribus
1127 4151 1296 4210 rhetoribus
1324 4151 1403 4208 aucti
1428 4157 1459 4206 et
1481 4167 1544 4204 am·

378 4236 502 4312 plificati
524 4239 553 4295 in
578 4241 623 4298 his
648 4240 833 4298 orationibus
856 4240 915 4298 sint
938 4240 1073 4299 adhibiti.
