3468 5128
846 386 1066 449 ..15-

364 587 440 688 ἥτε
471 592 669 689 μεσημβρινὴ
701 601 794 684 μέχρι
824 601 889 664 τῶν
921 587 1081 690 οἷοικήτων
1112 598 1319 686 ἐρευνηθεῖσα
1346 597 1451 687 Λιβύη
1483 597 1539 664 καὶ

368 701 511 788 Γάδειρα
533 699 616 788 πρὸς
638 703 776 790 ἑσπέραν
799 727 833 751 Ν

472 813 526 876 III
547 814 616 878 107.
639 815 673 878 τί
692 813 888 898 θαυμαστὸν,
911 810 940 880 εἰ
962 806 1045 898 πρὸς
1068 813 1112 881 ἕω
1135 814 1195 898 μὲν
1220 812 1399 900 Εὐφράτης,
1435 807 1536 878 ὠκεα-

366 912 424 999 νδς
448 918 485 986 δέ
508 914 593 1008 πρὸς
620 916 764 1004 ἑσπέραν,
794 914 1012 1011 μεσημβρινὸν
1039 921 1076 990 δέ
1098 922 1224 1009 Λιβύης
1250 914 1289 986 τδ
1312 915 1461 985 πιότατον
1483 919 1538 986 καλ

364 1019 447 1110 πρὸς
470 1015 585 1112 δρκτον
606 1052 639 1092 τε
655 1015 782 1111 Ἴστρος
803 1052 839 1094 τε
860 1029 914 1093 καί
935 1019 1047 1118 Ῥῆνος
1069 1034 1126 1120 τῆς
1147 1019 1318 1118 ἡγεμονίας
1342 1017 1428 1114 δροι,·

472 1135 598 1220 Neque
628 1131 748 1200 minus
780 1135 987 1201 sollemnem
1014 1135 1191 1222 quendam
1220 1154 1326 1200 usum
1357 1143 1536 1200 oratorum

366 1249 402 1306 et
440 1238 664 1326 tralaticium,
710 1239 770 1328 qui
811 1239 912 1328 quasi
950 1251 1160 1330 apparatum
1198 1239 1339 1308 usitatis
1377 1237 1537 1306 formulis

369 1347 596 1431 exornabant,
631 1348 759 1414 docent
777 1347 945 1435 'epitheta
979 1348 1142 1435 gentium
1170 1358 1206 1414 et
1233 1358 1412 1430 terrarum,
1447 1367 1538 1432 quae

318 1495 322 1508 ι
368 1464 404 1520 et
426 1453 470 1520 de
492 1453 606 1541 poetis
637 1464 891 1541 poetarumque
915 1453 1128 1521 carminibus
1161 1454 1354 1522 admonent
1376 1453 1475 1521 velut
1502 1455 1537 1520 ut

365 1558 496 1644 Σύρτεις
528 1561 585 1627 καὶ
619 1565 690 1640 τοῖς
725 1555 882 1629 ἀκούουσι
915 1565 1059 1647 φοβεροί
1093 1564 1219 1628 11381.
1244 1559 1339 1628 etin
1363 1571 1534 1628 terrarum

367 1665 661 1753 descriptionibus
690 1666 923 1735 inveniuntur
945 1670 1044 1736 velut
1068 1667 1230 1754 Dionysii
1260 1667 1379 1736 libello
1402 1665 1463 1755 qui
1487 1665 1538 1732 in-

367 1772 530 1841 scribitur
552 1773 736 1867 περιήγησις
752 1773 895 1860 Dionys.
920 1779 1053 1844 335136.
1088 1767 1232 1866 Ιβήρων,
1256 1779 1364 1860 γείτων
1380 1779 1536 1843 ὠκεανοῖο

371 1882 411 1948 cf
434 1882 612 1968 Josephus
636 1885 672 1948 Π
690 1887 763 1949 374.
798 1882 875 1950 οὔδε
874 1881 1083 2015 ἐξήρκεσεν
1083 1875 1225 1973 Ἴβηρσιν
1248 1881 1363 1972 γείτων
1386 1873 1536 1961 ὠκεανός.

479 1993 548 2056 186.
586 1987 756 2114 Νομάδων
788 1971 1034 2076 παραπέπταται
1069 1979 1188 2058 δισπετα
1222 1992 1307 2081 φῦλα
1341 2016 1376 2040 Ν
1411 1991 1536 2054 11381.

367 2098 581 2182 Μαρμαρίδαι
614 2090 653 2164 τὸ
680 2102 769 2185 μέχρι
802 2124 858 2187 της
889 2095 1031 2185 διψάδος
1058 2101 1260 2183 ἐκτεταμένον
1293 2099 1394 2182 φῦλον
1421 2123 1475 2162 και
1500 2087 1536 2161 τδ

367 2191 583 2287 Νομάδων”
561 2228 693 2290 απειρον
715 2207 848 2295 πληδος.

475 2312 558 2376 Huc
581 2331 720 2397 quoque
743 2320 905 2397 spectant
928 2310 1165 2377 subiectarum
1189 2308 1351 2397 gentium
1375 2310 1537 2398 exempla

369 2415 551 2503 quaedam,
586 2437 676 2503 quae
698 2438 770 2482 non
795 2426 836 2482 ut
859 2438 923 2482 sua
945 2415 1124 2504 possidere
1146 2439 1237 2501 eum,
1273 2417 1334 2483 sed
1358 2427 1400 2484 ut
1422 2415 1537 2484 aliena

368 2521 497 2590 libasse
518 2523 575 2590 vel
598 2521 681 2589 inde
712 2533 831 2612 potest
854 2521 1027 2610 cognosci,
1059 2524 1153 2611 quod
1177 2524 1300 2590 eadem
1323 2522 1439 2591 verbis
1465 2525 1537 2590 fere

366 2629 524 2718 repetitis
547 2629 728 2697 redeunt
718 2652 755 2696 1n
780 2629 945 2754 cqntione
968 2654 989 2697 a
1012 2629 1095 2698 Tito
1118 2629 1255 2699 habita:

475 2740 603 2807 11376.
638 2741 682 2811 τίς
710 2741 769 2806 οὐκ
797 2727 884 2868 αηοῇ
911 2741 1105 2830 παρείληφεν
1131 2734 1170 2806 τδ
1196 2746 1371 2824 Γερμανῶν
1396 2741 1536 2874 πληθος;

368 2838 470 2934 ἄλκην
492 2871 552 2931 μεν
575 2839 637 2930 γὰρ
660 2845 717 2913 καλ
740 2844 902 2932 σωμάτων
923 2849 1046 2937 μεγέθη
1072 2843 1176 2914 είδετε.

473 2954 581 3021 ·VI
599 2957 671 3018 331.
707 2944 790 3039 αλκῇ
824 2950 989 3038 σωμάτων
1029 2949 1233 3034 πεποιθότες
1278 2953 1333 3017 καὶ
1365 2945 1430 3038 μην
1463 2945 1536 3016 ι’στε

366 3061 552 3147 Γερμανοὺς
574 3051 823 3132 δουλεύοντας
803 3064 889 3148 ημῖν.

475 3168 600 3231 11376.
636 3167 803 3252 σκέψασθε
829 3161 865 3230 τὸ
889 3167 1073 3249 Βρεττανῶν
1098 3171 1198 3248 τεῖχος
1224 3165 1255 3230 οἱ
1275 3166 1345 3242 τοῖς
1366 3151 1535 3247 Ἱεροσολύ-

367 3299 440 3359 μων
477 3272 668 3351 πεποιθότες
704 3270 939 3356 τείχεσιν,καὶ
977 3266 1040 3356 γδρ
1078 3273 1216 3350 ἐκείνους
1251 3271 1537 3360 περιβεβλημένους

368 3377 542 3448 ὠκεανόν.

474 3510 509 3533 Ν
509 3489 582 3556 VI
599 3491 671 3552 331.
712 3475 877 3570 ὀχυρότητι
914 3491 1039 3568 τειχῶν,·
1083 3486 1137 3551 καλ
1174 3487 1202 3549 τί
1235 3483 1345 3569 μεῖζον
1391 3473 1535 3550 ὠκεανοῦ

368 3621 470 3682 τειχος
492 3587 669 3681 κώλυμα“
651 3619 687 3660 ον
709 3595 970 3683 περιβεβλημένοι
991 3591 1173 3676 Βρεττανοι
1195 3587 1236 3658 τό
1260 3582 1429 3676 Ῥωμαίων
1452 3583 1537 3657 ὅπλα

371 3711 610 3792 προσκυνοῦσιν.

475 3812 601 3875 11380.
630 3805 760 3874 πάντων
785 3801 829 3874 roi
849 3798 1018 3892 Ῥωμαίων
1046 3797 1129 3874 ὅπλα
1155 3807 1419 3892 προσκυνούντων
1446 3797 1537 3889 ὗμεῖς
1612 3803 1615 3809 ’

368 3913 564 4005 πολεμήσετε
580 3916 664 4006 μηδὲ
685 3910 724 3980 τὸ
742 3915 970 4005 Καρχηδονίων
990 3916 1077 3986 τέλος
1100 3923 1294 3994 σκοποῦντες
1317 3907 1423 3981 οἳτδν
1437 3915 1537 3998 μέγαν

370 4027 541 4108 αὐχοῦντες
562 4014 708 4107 Ἀννίβαν
729 4015 793 4087 ὑπό
817 4015 874 4112 τὴν
898 4024 1074 4094 Σκιπίωνος
1096 4014 1203 4102 δεξιόν
1225 4019 1347 4089 ἔπεσον.

476 4151 511 4174 Ν
534 4131 584 4198 VI
610 4133 682 4195 332.
717 4132 866 4220 καρτερίᾳ
896 4139 1005 4219 ψυχῆς
1037 4127 1095 4196 καὶ
1125 4132 1304 4218 πανουργίᾳ
1339 4134 1537 4218 στρατηγῶν,·

371 4223 452 4306 ἄλλό
473 4237 538 4322 μὴν
560 4224 662 4328 ᾔδειτε
684 4236 740 4304 καὶ
764 4238 1007 4327 Καρχηδονίους
1031 4227 1175 4316 ἁλόντας.
