3468 5128
818 450 1038 513 ..56-

345 660 548 730 testimonia
583 663 734 730 doceant
767 683 857 750 quae
890 659 1094 730 Schmidius
1122 657 1345 742 (Atticismus
1373 658 1521 748 passim)

344 770 449 836 affert
472 779 508 835 et
531 767 688 855 Longini
712 768 812 835 illud:
838 772 854 834 1
878 789 909 856 p.
926 772 990 834 308
1017 768 1122 835 Rhet.
1140 767 1199 834 Gr.
1217 767 1268 834 ed.
1285 767 1343 853 Sp.

451 897 500 961 ἔτι
523 895 558 958 δὲ
581 895 737 979 καὶπρὸς
759 893 885 966 τούτοις
907 898 926 980 ἡ
948 896 1126 979 μετάθεσις
1148 899 1216 959 τῶν
1238 893 1421 977 λεγομένων
1444 895 1520 958 ὅταν

345 1009 404 1084 τῆς
426 1003 592 1084 συνήθους
615 1003 726 1085 χώρας
753 999 878 1086 κόσμον
900 999 1075 1087 περιάπτῃ.
1111 1001 1169 1070 Ex
1192 1021 1297 1088 opere
1320 1009 1440 1066 autem
1461 1003 1521 1084 Jo-

344 1105 446 1194 sephi
471 1128 638 1174 enumero
662 1107 750 1174 haec
773 1109 935 1195 exempla
957 1109 1171 1194 formasque:

458 1249 490 1336 1)
512 1249 550 1315 in
574 1249 647 1316 fine
673 1250 849 1318 enuntiati
873 1252 930 1318 vel
953 1249 1087 1339 periodi
1120 1261 1219 1316 extra
1251 1249 1418 1333 ordinem,
1449 1271 1520 1336 quo

346 1355 558 1423 eminentior
586 1379 641 1424 res
669 1356 742 1440 fiat,
774 1379 904 1424 nomen
937 1356 1115 1445 proprium
1146 1355 1290 1444 ponitur
1320 1359 1390 1423 13.
1447 1347 1521 1424 ἀνέ-

345 1478 470 1550 πεμψα
506 1461 660 1552 πρότερον
698 1454 935 1554 ἀφηγήσασθαι
965 1466 1121 1551 Ἰώσηπος
1156 1467 1173 1530 Ι
1210 1468 1285 1532 625.
1338 1455 1521 1548 ἀποκόψας

344 1571 471 1642 ἐλπίδας
494 1561 534 1636 δι’
553 1572 766 1658 Ἃντιλτατρον,
1462 1657 1466 1667 ⁴

450 1686 514 1742 aut
536 1675 733 1742 subiectum
759 1679 919 1745 V11288.
965 1679 1025 1762 τὴν
1049 1679 1110 1762 γὰρ
1132 1673 1281 1768 κορυφὴν
1303 1731 1310 1744 .
1335 1729 1342 1744 .
1366 1731 1373 1744 .
1403 1667 1520 1763 ολνῆκεν

343 1785 388 1862 εἰς
411 1785 566 1871 γεωργίαν
589 1781 779 1868 ὁβασιλεύς,
803 1782 975 1870 imprimis
997 1784 1222 1852 substantiva
1245 1786 1421 1852 abstracta
1438 1805 1519 1851 eum

343 1887 492 1956 articulo
516 1889 715 1960 coniuncta.

450 1999 486 2062 11
511 2001 583 2064 348.
620 2000 757 2083 περισσὴ
783 2000 871 2084 πρὸς
892 1999 966 2079 τοὺς
988 2001 1145 2084 ἠγεμὸνας
1172 2002 1191 2084 ἦ
1213 2001 1400 2086 μέμψις..
1424 2051 1431 2065 .
1456 2008 1519 2066 aut

343 2102 523 2171 adverbia:

450 2213 586 2280 V1156.
674 2202 834 2297 ἅπεχιλῶς.
859 2216 892 2281 V
905 2217 978 2279 426.
1067 2216 1185 2280 αὐτίκα.
1222 2215 1325 2280 1479.
1350 2212 1518 2297 ἐπιμελῶς.

451 2335 483 2420 2)
507 2334 676 2401 articulus
711 2347 748 2402 et
781 2336 1047 2404 substantivum
1084 2336 1293 2426 interposito
1332 2337 1518 2404 enuntiato

344 2450 560 2526 separantur.

449 2547 571 2612 11346.
606 2547 642 2612 τὸ
678 2549 771 2633 παρὰ
804 2553 869 2614 τῶν
904 2537 1155 2631 ιλσιλενεσιέρων,
1190 2551 1246 2615 ἐὰν
1279 2545 1319 2617 roi
1347 2555 1518 2636 πράγματα

343 2657 490 2740 συγχυθῇ
512 2653 628 2740 κέρδος
651 2665 687 2722 et

450 2764 607 2831 V11406.
643 2764 703 2848 τὴν
725 2765 758 2830 ἕν
780 2762 946 2838 τοσούτοις
968 2767 1126 2854 ἄτρεπτον
1149 2765 1200 2832 ἐπὶ
1216 2775 1281 2831 τῶν
1297 2769 1401 2852 ἔργων
1416 2767 1517 2832 ἐθαύ-

344 2893 452 2953 μασαν
473 2877 529 2936 τοῦ
552 2873 704 2938 θανάτου
727 2871 982 2963 καταφρόνησιν.

450 2995 485 3079 3)
508 2979 656 3061 verbum
683 3006 720 3062 et
742 2996 941 3063 subiectum
969 2993 1154 3061 enuntiato
1183 2989 1391 3078 interposito
1420 3012 1517 3076 sepa-

342 3109 472 3165 rantur.

449 3208 485 3270 II
499 3209 572 3271 464.
596 3210 804 3292 προεκαλεῖτο
828 3210 877 3272 ant
899 3202 956 3278 τοὶς
979 3207 1104 3296 σιγαγάς
1218 3209 1237 3291 ἡ
1262 3207 1437 3296 φιλοτιμία.

374 3326 382 3352 ’
449 3334 483 3413 4)
506 3329 772 3398 substantivum
803 3341 840 3398 et
865 3329 1077 3399 attributum
1106 3329 1315 3418 interposito
1343 3331 1515 3399 vocabulo

342 3447 552 3526 separantur
574 3449 638 3506 aut
660 3438 776 3506 verbo.

450 3548 529 3613 111.
553 3546 637 3614 νέων
659 3547 736 3631 ἦρξε
758 3543 913 3631 θορύβων
936 3555 999 3612 aut
1021 3545 1230 3633 pronomine
1252 3549 1406 3619 ποικίλαις
1420 3547 1517 3613 αὐτὸν

340 3655 518 3738 εὐφημίαις
539 3655 606 3718 111
635 3662 698 3719 aut
720 3652 887 3720 adverbio
911 3650 996 3735 ἰδίας
1017 3656 1080 3746 ἤδη
1104 3657 1225 3742 σάρκας
1239 3656 1273 3723 V
1288 3657 1321 3736 53
1346 3651 1406 3740 qui
1430 3674 1516 3720 usus

343 3769 398 3826 est
413 3781 494 3825 cum
510 3760 605 3846 apud
629 3781 751 3826 omnes
774 3758 984 3846 posteriores
1000 3759 1187 3849 scriptores
1209 3757 1515 3848 frequentissimus

257 3877 269 3899 ⁸
343 3864 396 3954 (ci.
419 3865 566 3934 Schmid
589 3865 799 3933 Atticismus
823 3869 882 3950 IV,
905 3889 940 3954 p.
965 3868 1041 3955 516)
1071 3879 1148 3936 tum
1171 3865 1360 3936 adhibetur
1382 3864 1419 3932 in
1443 3865 1516 3932 fine

341 3971 579 4038 membrorum
603 3984 665 4040 aut
687 3972 919 4060 periodorum,
943 3986 984 4043 ut
1002 3976 1112 4062 longa
1128 3975 1263 4061 syllaba
1278 3995 1516 4060 numerusque

343 4075 486 4165 quidam
509 4077 705 4148 orationem
728 4080 906 4149 terminet:

450 4187 584 4252 11372.
624 4189 700 4272 ὅλην
734 4187 953 4266 ἐπικλύζοντες
989 4184 1046 4280 την
1080 4187 1282 4274 οἰκουμένην.
1320 4191 1404 4276 (quo
1439 4187 1516 4253 loco

342 4313 614 4361 commemorare
648 4293 737 4361 mihi
772 4295 876 4364 liceat
913 4319 985 4364 non
1020 4297 1126 4364 modo
1161 4294 1336 4364 adiectiva
1371 4297 1446 4375 ὅλος
1481 4303 1517 4362 et
