3468 5128
704 393 924 454 -51-

232 602 326 668 οὐδέν
361 604 464 674 οίίτως
497 604 544 674 ὡς
575 603 614 666 τὸ
646 605 752 690 φέρειν
776 604 963 678 ἀναστέλλει,
993 602 1048 669 καί
1071 603 1110 668 τὸ
1133 604 1270 687 ἡσύχιον
1293 603 1408 685 γίνεται

232 709 394 797 διατροπή.

340 814 457 902 Magis
500 814 536 880 in
575 815 799 902 periodorum
843 838 957 903 genus
996 839 1057 884 eae
1094 816 1282 884 verborum
1328 835 1409 880 con-

233 921 451 990 tinuationes
475 923 614 1006 cadunt,
644 945 734 1009 quae
756 924 862 989 modo
886 922 1099 990 dilemmatis
1123 931 1323 990 exstructae
1345 943 1408 1010 per

232 1031 290 1099 καί
313 1028 474 1097 adiciunt
497 1030 767 1096 concludentem
791 1029 1006 1097 sententiam
1029 1031 1128 1097 velut

341 1141 395 1203 III
413 1142 486 1204 364.
522 1141 550 1204 εἰ
569 1140 628 1221 μὲν
652 1141 896 1222 ἀποστρέφομαι
919 1139 1059 1223 σίδηρον,
1083 1140 1170 1213 ἄξιός
1189 1141 1250 1222 εἰμι
1266 1189 1273 1202 .
1291 1185 1307 1213 .,
1332 1134 1362 1204 εἰ
1378 1127 1409 1202 δ’

233 1249 400 1331 εἰσέρχεται
434 1247 548 1334 φειδώ,
584 1247 682 1329 πόσῳ
706 1246 906 1328 δικαιότερον
929 1247 1081 1322 εἰσέλθοι,Ι
1115 1247 1167 1311 καί
1201 1246 1262 1333 μὰρ
1285 1246 1410 1328 ἠλίθιον

234 1361 330 1419 ταῦτα
354 1355 434 1438 δρᾶν
457 1381 493 1411 ω
516 1355 552 1417 ΙΙ
571 1357 644 1418 349.

342 1479 529 1561 Quomodo
554 1489 674 1543 autem
688 1478 867 1563 Josephus
890 1475 927 1542 in
945 1474 1239 1564 descriptionibus
1263 1485 1299 1542 et
1321 1496 1412 1562 pug-

233 1607 361 1650 narum
385 1596 420 1651 et
443 1584 630 1671 regionum
659 1595 694 1651 et
721 1606 859 1650 morum
889 1605 1002 1670 genus
1029 1581 1284 1671 paratacticum
1313 1582 1410 1648 adhi-

234 1690 351 1758 buerit
374 1702 437 1758 aut
458 1691 651 1759 mutaverit
674 1691 941 1778 variaveritque,
966 1701 1078 1757 certos
1101 1711 1187 1756 usus
1212 1688 1350 1756 dicendi
1375 1699 1410 1755 et

234 1799 392 1864 membra
427 1799 660 1885 componendi
700 1797 904 1884 repetiverit
938 1808 974 1863 et
1008 1795 1256 1880 observaverit
1293 1795 1410 1881 magis

236 1926 343 1991 quam
359 1905 519 1972 doctrina
541 1927 645 1992 posse
667 1903 833 1990 cognosci
857 1903 1006 1970 arbitror
1024 1902 1195 1990 exemplis
1218 1901 1304 1988 ipsis
1321 1923 1413 1987 quae

236 2033 333 2079 nunc
356 2035 504 2100 appono,

347 2155 376 2245 1)
399 2177 602 2243 pugnarum
627 2153 888 2242 descriptiones,

344 2285 489 2349 111247.
525 2290 592 2349 τῶν
615 2284 762 2371 ὀργάνων
784 2285 1004 2371 φοβερώτερος
1027 2283 1045 2347 ὁ
1069 2284 1183 2368 ῥοῖζος,

526 2397 593 2456 τῶν
617 2392 652 2456 δὲ
675 2393 882 2477 βαλλομένων
904 2389 943 2480 ᾖν
966 2392 985 2456 ὁ
1007 2391 1126 2474 ψόφος.

527 2499 706 2584 ἐπάλληλοι
730 2500 764 2566 δὲ
788 2499 957 2565 ἐκτύπουν
981 2550 987 2563 .
1012 2549 1018 2562 .
1042 2499 1168 2583 νεκροί·

450 2604 504 2667 καὶ
528 2605 614 2687 δεινὴ
637 2605 699 2686 μὲν
721 2607 846 2687 κραυγὴ
871 2608 1017 2690 ἠγείρετο,

527 2711 683 2790 συνήχουν
706 2712 742 2774 δὲ
765 2712 912 2792 οἰμωγαί,

528 2813 640 2895 αἵματι
664 2804 693 2877 δ’
710 2816 831 2900 ἐρρεῖτο
855 2821 918 2884 πᾶς
941 2815 959 2877 ὁ
983 2815 1166 2897 περίβολος,

451 2919 505 2984 καί
527 2921 710 3003 προσβατὸν
732 2921 771 2985 τὸ
794 2923 897 3004 τεῖχος
921 2918 1073 3002 ἐγίγνετο.

527 3029 759 3112 φοβερωτέραν
783 3016 812 3092 δ’
829 3027 958 3093 ἐποίουν
980 3025 1017 3089 τὰ
1041 3028 1101 3110 ὄρη

453 3136 507 3200 καὶ
530 3136 624 3200 οὐδέν

582 3245 658 3308 οὔτε
681 3245 724 3314 εἰς
747 3244 847 3332 ἀκοῆς

583 3339 652 3414 οὔτ)
669 3352 713 3421 εἰς
736 3333 851 3438 ὅψεως
874 3349 1075 3432 κατάπληξιν
1099 3347 1293 3412 ἀπελείπετο.

530 3457 677 3522 πλεῖστοι
699 3457 758 3540 μέν
781 3453 910 3530 ἔπεσον,

530 3564 675 3629 πλεῖστοι
698 3562 734 3629 δὲ
758 3564 904 3646 ἐγένοντο
926 3563 1121 3646 τραυματίαι,

454 3671 509 3736 καί
529 3671 622 3753 μόλις
643 3670 682 3735 τὸ
705 3674 811 3754 τεῖχος
833 3671 1004 3751 ἐνδίδωσιν,

531 3780 565 3842 οἳ
584 3778 618 3842 δὲ
642 3779 883 3865 ἀντωχύρωσαν.

348 3924 461 3990 v176
486 3921 533 4006 (ω
557 3923 612 3986 111
626 3925 700 4003 276,
725 3923 868 4004 111314,
891 3922 1035 4002 v1257‚
1058 3921 1092 3987 v
1108 3917 1194 4004 τεο).

531 4032 735 4116 συρρήγνυται
757 4030 845 4113 μάχη
870 4029 1021 4111 κρατερά,

530 4144 594 4201 τῶν
616 4137 676 4220 μέν
700 4133 963 4220 εἰσβιαζομένων,

531 4243 655 4311 τῶνδὲ
679 4244 900 4318 ἐξωθούντων,
