3468 5128
625 407 917 486 ...2⁴1-

333 655 368 678 Ν
391 629 584 698 Aeschines
607 635 752 698 111244.
788 629 844 699 ἐάν
875 657 922 704 τις
944 633 1056 699 ἑαυτὸν
1080 634 1286 721 ἀιαχρήσηται
1296 632 1319 720 ¹)
1341 633 1398 718 τὴν

229 748 317 829 χεῖρα
339 741 395 824 τὴν
416 747 512 806 τοῦτο
534 742 702 827 πράξασαν
724 741 821 827 χωρὶς
843 742 1002 824 σωμάτων
1025 741 1209 823 θάπτομεν.

333 848 382 912 At
428 845 633 934 priusquam
675 847 881 933 popularem
923 843 1168 934 philosophiae
1211 867 1396 933 argumen-

226 953 397 1022 tationem
426 951 543 1037 subiit,
572 951 689 1040 magis
718 951 891 1020 rhetorica
914 951 1051 1020 ratione
1074 973 1198 1020 causas
1221 974 1311 1041 quae
1333 973 1397 1040 pro

229 1070 342 1128 morte
370 1058 570 1129 voluntaria
601 1059 745 1148 proferri
777 1071 936 1147 possunt,
966 1060 1230 1145 enthymemate
1256 1061 1395 1144 refutat,

227 1169 327 1236 cuius
355 1171 504 1236 formam
531 1179 567 1237 et
593 1179 806 1236 structuram
832 1171 861 1234 εἰ
884 1169 943 1252 μὲν
971 1170 1210 1253 ἀποστρέφομαι
1232 1220 1239 1234 .
1264 1218 1280 1245 .,
1308 1172 1395 1245 ἄξιός

227 1274 300 1363 εἰμι,
323 1273 353 1344 ελ
370 1278 399 1342 d’
417 1274 590 1361 εἰσέρχεται
612 1327 619 1342 .
643 1327 660 1358 .,
684 1276 830 1360 πόσῳ..
855 1277 1013 1354 clausor,-
1035 1275 1089 1340 καὶ
1112 1275 1171 1361 γὰρ
1194 1271 1321 1359 ἠλίθιον
1341 1325 1347 1340 .
1364 1317 1395 1341 ,ε

224 1383 261 1450 in
294 1382 363 1452 alia
396 1405 536 1472 quoque
564 1381 722 1450 oratione
745 1381 788 1470 (p.
806 1382 839 1466 8)
863 1379 1074 1457 invenimus,
1106 1379 1234 1448 deinde
1257 1391 1395 1448 senten-

225 1488 284 1558 tiis
307 1489 513 1579 quaestione
536 1500 572 1557 et
594 1487 830 1574 altercatione,
854 1509 924 1577 qua
946 1487 1102 1556 affinitas
1125 1489 1299 1577 quaedam
1322 1487 1393 1555 dia-

226 1596 337 1664 tribae
364 1598 565 1682 advocatur,
592 1595 806 1685 interruptis,
836 1617 985 1684 quarum
1013 1605 1049 1663 et
1076 1605 1217 1662 acutam
1244 1597 1393 1662 formam

224 1713 260 1771 et
280 1714 531 1791 argumentum
547 1704 717 1792 exemplis
734 1727 753 1771 e
769 1703 875 1772 variis
892 1703 1081 1791 generibus
1097 1701 1395 1792 scriptoribusque

223 1810 382 1899 repetitis
417 1813 669 1900 explanaturus
698 1832 785 1897 sum,
820 1833 892 1878 non
921 1811 1014 1899 quod
1042 1809 1250 1894 existimem,
1278 1833 1320 1877 ea
1348 1811 1393 1878 ad

223 1919 461 1986 evolvendum
476 1919 611 1986 fontem
627 1919 823 2004 symbolam
840 1920 1004 2003 conferre,
1020 1919 1081 1984 sed
1098 1917 1191 2004 quod
1206 1917 1393 1985 verborum

222 2027 387 2114 frequens
415 2047 607 2096 consensus
635 2027 758 2093 eadem
785 2025 942 2113 cogitata
968 2025 1154 2112 paululum
1181 2023 1316 2092 variata
1343 2045 1393 2091 re-

224 2155 361 2201 currere
384 2135 495 2202 docet.

330 2243 475 2307 111365.
501 2242 601 2313 δειλὸς
624 2243 746 2326 ὁμοίως
768 2242 836 2308 ὅτε
858 2242 903 2326 μὴ
927 2241 1118 2326 βουλόμενος
1139 2241 1292 2324 θνήσκειν
1314 2241 1393 2306 ὅταν

224 2350 279 2434 δέῃ
302 2351 357 2415 καλ
379 2351 398 2414 ὁ
420 2351 617 2434 βουλόμενος
640 2352 716 2415 ὅταν
736 2350 783 2434 μὴ
808 2351 863 2433 ὅλῃ
887 2370 922 2394 Ν

327 2454 537 2524 Ammianus
561 2455 786 2522 Marcellinus
801 2457 906 2524 XXV
923 2459 951 2540 3,
971 2459 1010 2522 19
1034 2475 1145 2542 aequo
1162 2452 1257 2520 enim
1273 2451 1391 2521 animo

220 2560 321 2629 iuxta
337 2559 482 2630 timidus
498 2573 552 2630 est
568 2573 603 2630 et
618 2561 772 2650 ignavus
788 2562 848 2650 qui
866 2585 946 2629 cum
961 2584 1033 2628 non
1050 2571 1188 2648 oportet
1202 2560 1292 2627 mori
1304 2557 1392 2628 desi-

221 2669 320 2736 derat
335 2679 372 2736 et
387 2667 447 2756 qui
462 2667 616 2756 refugiat
632 2692 712 2736 cum
728 2669 775 2736 sit
791 2680 1005 2757 oportunum
1021 2670 1080 2757 (W
1081 2689 1242 2753 eymann,
1257 2666 1391 2735 Archiv

220 2777 277 2842 fiir
303 2777 360 2843 lat
386 2775 573 2862 Lexikogr.
598 2779 686 2844 XIV
708 2799 741 2864 p.
767 2781 820 2858 56)

327 2884 371 2950 de
398 2893 574 2951 structura
597 2883 794 2950 sententiae
818 2884 857 2950 cf.
882 2882 1017 2953 Seneca
1046 2880 1223 2950 Phoeniss.
1253 2885 1305 2949 99.
1330 2879 1390 2969 qui

220 2988 317 3077 cogit
349 2989 438 3057 mori
473 2991 652 3058 nolentem
687 2989 723 3056 in
759 3011 871 3077 aequo
906 3000 960 3057 est
987 2987 1116 3077 quique
1143 2999 1390 3079 properantem

219 3095 367 3188 impedit

325 3203 409 3275 Exc
434 3207 523 3273 VIII
548 3211 576 3272 7.
605 3226 678 3272 non
705 3204 822 3292 magis
847 3205 1003 3272 crudeles
1032 3215 1117 3272 sunt
1144 3203 1204 3292 qui
1228 3205 1388 3272 volentes

220 3308 340 3378 vivere
367 3310 534 3378 occidunt
561 3334 666 3398 quam
695 3311 754 3400 qui
778 3312 937 3380 volentes
961 3311 1080 3380 vivere
1102 3333 1174 3379 non
1199 3310 1329 3380 sinunt

328 3417 372 3486 de
395 3416 592 3486 sententiae
615 3430 651 3486 et
673 3419 897 3506 sequentium
920 3419 1107 3486 verborum

325 3528 470 3592 111368.
508 3535 650 3615 γενναῖον
684 3529 745 3612 γὰρ
768 3530 885 3594 ἀνελεῖν
908 3529 1025 3603 ἑαυτόν,
1059 3531 1154 3613 φήσει
1176 3552 1233 3600 τις.
1269 3528 1308 3592 αὖ
1330 3527 1389 3611 μὲν

218 3632 284 3709 οὖν,
308 3623 374 3699 ἀλλ’
397 3635 617 3717 ἀγεννέστατον
639 3631 675 3701 vi
700 3645 735 3702 et
758 3644 969 3722 argumento
992 3635 1032 3701 cf.

326 3740 442 3826 Polyb.
466 3743 580 3807 XXX.
603 3745 662 3825 7,8.
692 3744 730 3808 οὐ
754 3742 812 3830 γὰρ
835 3743 959 3808 ἔλαττόν
982 3744 1064 3810 ἔστιν
1091 3744 1236 3825 ἀγεννλας
1257 3749 1388 3832 σημεῖον

217 3847 256 3913 τὸ
278 3846 381 3933 μηδὲν
403 3851 511 3933 ἑαυτῷ
533 3849 699 3914 συνειδότα
720 3851 968 3934 μοχθηρότερον
989 3851 1174 3936 προεξάγειν
1197 3846 1234 3918 ἐκ
1256 3856 1314 3916 τοῦ
1330 3852 1388 3934 ζῆν

218 3957 325 4036 αὐτόν,
351 3957 430 4022 ποτὲ
444 3958 504 4041 μὲν
517 3957 573 4029 τὰς
587 3963 655 4022 τῶν
670 3955 1002 4041 ἀντιπολιτευομένων
1025 3957 1205 4024 ἀνατάσειυν
1227 3959 1386 4024 καταπλα-

328 4190 351 4269 ¹)
376 4191 412 4255 cf
435 4195 585 4270 Josephus
607 4193 637 4251 11
660 4191 724 4255 395
756 4189 786 4253 ελ
816 4189 933 4256 κωλύει
954 4197 1021 4272 ταῖς
1043 4193 1167 4258 ἑαυτῶν
1189 4191 1296 4276 χερσὶν
1319 4190 1386 4255 δια-

216 4279 416 4364 χρήσασθαι;
