3468 5128
826 393 1050 458 ..74..

459 607 576 688 ὥσπερ
599 605 720 670 εἴδωλα
747 605 865 670 Vola.

458 711 535 783 θεὸς
558 713 676 794 ὥσπερ
699 712 841 800 χορηγός
864 712 899 774 II
917 714 986 776 131.

457 820 513 902 τὴν
537 820 679 884 διάθεσιν
706 819 761 882 καλ
783 818 897 902 φωνὴν
923 818 1012 882 Τίτου
1035 819 1152 900 ὥσπερ
1176 818 1351 900 ἐπιτάφιον
1373 816 1541 898 λαμπρὸν

353 928 403 993 VI
426 930 495 990 184.

460 1049 492 1138 5)
517 1073 537 1116 e
559 1051 663 1116 rebus
686 1047 898 1116 militaribus

458 1183 539 1248 ναῦς
566 1178 682 1259 ὥσπερ
705 1177 837 1259 φάλαγξ
861 1176 913 1238 111
937 1176 1009 1239 469.
1049 1176 1170 1256 ὥσπερ
1194 1174 1428 1256 ἐπιτείχισμαΙ
1454 1175 1531 1236 448.

353 1284 470 1366 ὥσπερ
493 1284 642 1367 φρουρίῳ
666 1284 717 1348 IV
734 1284 808 1346 511.
843 1283 959 1363 ὥσπερ
984 1282 1035 1345 διὰ
1059 1281 1278 1363 παρατάξεως
1301 1281 1395 1366 φόνῳ
1417 1279 1533 1362 μυρίῳ

354 1392 617 1473 γεγυμνασμένης
639 1390 673 1456 V
689 1392 736 1453 12.

461 1513 537 1600 be)
518 1513 665 1578 erebus
687 1510 875 1578 navalibus

460 1639 508 1716 ὡς
541 1640 642 1719 ἔγωγε
672 1639 728 1702 καὶ
761 1639 955 1721 κυβερνήτην
989 1639 1130 1720 ἠγοῦμαι
1159 1637 1333 1700 δειλότατον
1361 1637 1443 1706 ὅστις
1465 1659 1531 1718 χει-

352 1750 448 1828 μῶνα
482 1744 635 1815 δεδοικὼς
671 1743 740 1826 πρὸ
773 1751 828 1828 τῆς
863 1745 1001 1828 θυέλλης
1035 1743 1206 1827 ἐβάπτισεν
1233 1743 1317 1807 ἑκὼν
1344 1741 1379 1806 τὸ
1403 1743 1532 1824 σκάφος

354 1852 496 1916 111368.

459 1959 578 2041 ὥσπερ
613 1960 845 2041 χειμαζομένης
874 1959 956 2028 νεὼς
990 1960 1034 2036 εἰς
1067 1961 1108 2039 ἣν
1139 1958 1172 2021 ἐν
1200 1957 1320 2039 γαλήνη
1353 1956 1532 2038 παρῆλθεν

352 2065 406 2129 ΙΙΙ
424 2067 494 2130 195.

459 2172 563 2237 καλὸν
585 2173 649 2250 ἕως
671 2173 713 2236 ἔτι
736 2172 769 2236 ἐν
792 2173 887 2254 ὅρμῳ
902 2171 937 2234 τὸ
955 2172 1081 2254 σκάφος
1098 2172 1370 2252 προσκέπτεσθαι
1385 2169 1439 2233 τὸν
1453 2170 1531 2251 μέλ-

352 2279 449 2343 λοντα
476 2284 619 2360 χειμῶνα
645 2269 723 2361 μηδ’
747 2274 795 2356 εἰς
820 2280 922 2360 μέσας
949 2278 1005 2355 τὰς
1027 2278 1166 2348 θυέλλας
1188 2277 1370 2359 ἀναχθῆναι
1394 2278 1429 2338 11
1454 2277 1530 2340 396.

458 2391 551 2448 τοῦτο
580 2375 609 2448 δ’
625 2386 741 2466 ὥσπερ
768 2385 928 2449 τελευταία
960 2385 1083 2449 θύελλα
1110 2386 1359 2467 χειμαζομένους
1382 2384 1531 2466 ἕβάπτισε

352 2489 427 2569 τοὺς
449 2491 637 2568 νεανίσκους
661 2493 764 2556 1535.

460 2598 579 2662 πολλοὶ
612 2599 722 2680 ὥσπερ
753 2598 990 2680 βαπτιζομένης
1013 2597 1088 2680 νηός
1110 2599 1304 2680 ἀπενήχοντο
1326 2603 1383 2680 τῆς
1404 2597 1530 2667 πόλεως

354 2705 480 2770 Ι1556.

462 2849 549 2913 quas
573 2827 745 2894 dictiones
769 2850 788 2894 e
811 2827 886 2894 vita
909 2828 1028 2894 navali
1052 2829 1199 2894 haustas
1218 2825 1405 2914 praecipue
1423 2827 1529 2891 Athe

353 2933 494 3000 nienses
529 2935 627 3000 velut
650 2935 928 3001 Demosthenem
953 2935 1110 3021 [Olynth
1135 2936 1257 3000 11169
1286 2934 1330 2999 de
1359 2955 1424 2998 cor.
1453 2933 1525 3017 194]

353 3038 556 3123 excoluisse,
591 3039 719 3106 deinde
752 3043 910 3107 rhetores
944 3040 1201 3128 scriptoresque
1229 3039 1437 3128 posteriores
1469 3039 1528 3104 ad-

353 3142 512 3210 hibuisse
535 3167 639 3211 nemo
662 3146 783 3213 nescit

460 3302 761 3373 Similitudinibus
784 3317 905 3374 autem
928 3318 1013 3374 sunt
1035 3330 1107 3374 nou
1131 3308 1236 3374 modo
1261 3329 1398 3393 genere,
1433 3306 1525 3392 quod

353 3410 390 3478 in
426 3422 575 3499 utroque
609 3411 699 3479 aliae
732 3436 787 3479 res
822 3415 866 3480 ad
902 3415 1177 3501 comparandum
1208 3412 1430 3495 adhibentur,
1465 3411 1525 3478 sed

353 3517 461 3586 etiam
485 3531 697 3607 argumento
721 3519 848 3587 affines

804 3769 1078 3853 translationes,

354 3931 444 3997 quae
467 3932 548 3976 cum
571 3935 614 3978 ex
637 3912 763 3979 iisdem
786 3914 858 3978 fere
881 3911 1039 3979 lontibus
1063 3922 1169 3999 atque
1189 3910 1439 3979 similitudines
1455 3910 1526 3977 sint

353 4018 511 4099 haustae,
546 4040 650 4105 saepe
685 4029 823 4085 etcum
847 4017 1100 4105 posterioribus
1123 4017 1353 4106 scriptoribus
1376 4039 1524 4105 quorum

354 4123 516 4209 exempla
550 4147 571 4190 a
595 4125 776 4192 Schmidio
811 4124 1044 4208 (Atticismus)
1080 4127 1226 4192 collecta
1259 4136 1352 4208 sunt,
1386 4135 1524 4191 etcum

353 4229 528 4318 prioribus
563 4232 799 4316 consentiunt,
831 4255 920 4320 quos
952 4233 997 4299 ad
1031 4233 1296 4322 explanandum
1328 4232 1525 4320 Josephum
