3468 5128
865 371 1082 450 430..

489 596 578 662 llluc
590 617 673 663 vero
689 595 841 684 primum
857 598 1029 666 formulae
1044 596 1223 685 pertinent
1238 621 1259 665 a
1272 595 1400 686 quibus
1416 596 1568 665 somnia
1696 658 1701 693 =

381 711 443 768 aut
465 703 603 769 fabulas
627 715 689 770 aut
712 702 898 791 regionum
922 703 1175 793 descriptiones
1194 704 1349 772 maxime
1371 705 1568 772 mentione
1698 732 1702 781 ι

381 807 510 895 dignas
533 809 658 896 incipit
682 812 780 878 velut

487 919 523 982 II
540 921 609 984 114.
634 921 724 994 ἄξιον
739 920 774 986 δὲ
789 922 918 1006 μνήμης
933 923 1101 1007 ἡγησάμην
1116 922 1170 988 καί
1184 921 1223 988 τδ
1234 928 1290 1005 τῆς
1302 922 1451 1005 γυναικὸς
1462 924 1563 1007 ὄναρ.

362 1057 364 1066 ¹
487 1026 570 1092 169.
607 1025 655 1091 ὧν
676 1028 733 1112 τὴν
755 1030 979 1114 καταστροφὴν
1001 1031 1093 1105 ἄξιον
1114 1030 1343 1118 ἀφηγήσασθαι
1366 1059 1401 1083 ω
1424 1031 1461 1092 II
1479 1032 1562 1096 469.

381 1132 489 1198 1532.
526 1135 666 1203 VII96.
701 1136 862 1203 V11132.
898 1138 1045 1202 111229.

487 1241 612 1328 Neque
634 1239 754 1312 minus
785 1242 856 1310 huc
887 1253 1049 1330 spectant
1079 1241 1276 1310 sententiae
1308 1253 1344 1313 et
1367 1240 1561 1309 enuntiata

380 1343 569 1416 artificiose
592 1359 629 1417 et
651 1349 825 1438 explicate
848 1351 1051 1438 composita,
1075 1373 1165 1438 quae
1185 1373 1240 1418 res
1263 1349 1495 1418 introducunt
1516 1361 1561 1417 et

378 1453 546 1540 prooemii
570 1457 647 1522 loco
669 1468 881 1544 praeparant
903 1459 1003 1525 velut

485 1565 536 1630 VI
557 1566 706 1632 1991200.
742 1566 795 1630 καί
828 1568 861 1630 τί
893 1567 942 1630 δεῖ
971 1567 1030 1650 τὴν
1063 1568 1096 1632 ἐν
1130 1568 1267 1651 ἀψύχοις
1299 1567 1463 1633 ἀναίδειαν
1492 1573 1556 1630 τοῦ

378 1670 470 1753 λιμοῦ
505 1669 619 1754 λίγειν,·
650 1673 711 1756 είμι
746 1673 806 1756 γὰρ
839 1675 936 1738 αὐτοῦ
971 1674 1128 1758 δηλώσων
1157 1677 1250 1758 ἔργον
1278 1676 1346 1741 οίον
1367 1677 1450 1759 μήτε
1473 1662 1555 1757 παρ’

372 1775 515 1862 Ἕλλησιν
536 1781 619 1863 μήτε
640 1779 728 1864 παρὰ
750 1768 926 1867 βαρβάροις
949 1777 1115 1866 ἱστόρηται
1138 1828 1146 1843 .
1170 1833 1178 1848 .
1203 1833 1210 1846 .
1234 1833 1241 1847 .
1264 1783 1332 1848 κτλ.

485 1887 501 1950 Ι
519 1889 591 1952 208.
628 1875 797 1977 ἀμήχανον
820 1881 850 1952 δ’
865 1890 898 1953 ἐν
920 1889 1107 1973 εὐπραγίαις
1128 1891 1255 1974 φθόνον
1279 1891 1452 1981 διαφυγεῖν.

485 1994 623 2061 V1142.
657 1995 726 2086 περὶ
760 1993 808 2061 ὧν
838 1997 1010 2084 ἀναγκαῖόν
1037 1998 1098 2062 ἔστι
1121 1997 1173 2063 διδ
1196 1998 1362 2081 συντόμων
1386 2003 1553 2085 προειπεῖν

382 2101 432 2165 ἵνα
454 2101 507 2166 καλ
529 2107 594 2167 τῶν
608 2103 689 2186 μετὰ
704 2109 808 2169 ταῦτα
822 2107 1041 2188 πραχθέντων
1063 2106 1388 2190 εὐπαρακολούθητον
1404 2106 1551 2188 ποιήσω-

379 2231 440 2288 μαι
463 2199 523 2296 την
546 2208 705 2298 διήγησιν.

485 2314 536 2381 VI
554 2318 604 2379 84.
640 2313 792 2382 ἐδιώκετο
828 2317 863 2382 δὲ
896 2319 960 2402 ἄρα
993 2319 1048 2384 καί
1075 2319 1172 2390 αὐτὸς
1194 2318 1257 2383 ὑπὸ
1279 2326 1334 2402 τῆς
1357 2317 1551 2402 εἱμαρμένης

379 2406 420 2510 ἣν
443 2421 609 2505 ἀμήχανον
632 2422 798 2506 διαφυγεῖν
820 2424 942 2507 θνητὸν
965 2427 1052 2494 ὄντα.

487 2527 743 2595 Praetermissis
774 2540 892 2596 autem
923 2529 1044 2597 formis
1068 2551 1158 2618 quae
1188 2552 1255 2597 usu
1278 2530 1441 2598 vocabuli
1472 2528 1550 2596 τόδε

377 2655 508 2702 novam
530 2633 767 2704 narrationem
784 2634 1022 2723 introducunt,
1045 2637 1199 2707 breviter
1215 2638 1384 2706 transitus
1400 2636 1549 2721 attingo,

380 2740 508 2830 quibus
530 2754 648 2831 partes
672 2743 786 2833 operis
810 2743 1015 2833 simpliciter
1038 2744 1237 2834 coniungit:

393 2853 399 2862 ’
486 2853 612 2920 11254.
652 2856 873 2940 κοδαρδείσης
914 2863 969 2940 τῆς
1006 2859 1116 2941 χώρας
1159 2858 1267 2939 ἕτερον
1306 2855 1391 2930 εἶδος
1422 2853 1549 2932 λησιῶν

379 2957 554 3043 ἐπεφύετο.
590 2965 665 3030 258.
681 2962 808 3047 συνίστη
824 2964 903 3049 πρὸς
916 2964 1039 3033 τούτοις
1055 2968 1166 3044 στῖφος
1181 2963 1297 3040 ἕτερον.
1333 2961 1404 3020 261.
1421 2952 1546 3038 μείζονι

379 3066 413 3129 δὲ
435 3067 563 3132 τούτων
584 3069 696 3153 πληγῇ.
743 3072 816 3134 264.
837 3069 1100 3150 κατεσταλμένων
1124 3068 1158 3130 δὲ
1180 3067 1304 3129 τούτων
1325 3064 1418 3127 πάλιν
1441 3063 1548 3142 ἕτερον

377 3174 476 3259 μέρος
500 3171 715 3257 ἐφλέγμαινεν.
763 3177 836 3240 266.
860 3177 953 3258 ἑτέρα
977 3175 1012 3238 δὲ
1033 3173 1160 3256 ταραχὴ
1184 3169 1372 3237 συνίσταται.

483 3280 622 3346 V1154.
658 3282 786 3365 δειτέρα
807 3277 902 3346 πάλιν
924 3281 1073 3364 συμφορὰ
1096 3281 1280 3360 προσέπεσε.

483 3388 553 3455 VII
572 3391 622 3454 89.
657 3395 698 3474 τῇ
712 3386 928 3475 προειρημένη
940 3387 1117 3454 ἀποστάσει
1132 3386 1212 3452 κατὰ
1228 3388 1342 3465 ταύτας
1356 3385 1415 3457 τὰς
1426 3387 1547 3469 ἡμέρας

376 3497 430 3561 καί
452 3495 625 3563 Σκυθικὸν
646 3493 794 3581 τόλμημα
818 3498 1017 3582 οινέδραμεν.

485 3603 600 3670 Multo
622 3624 704 3669 vero
728 3601 844 3688 magis
867 3601 992 3669 variati
1017 3611 1100 3667 sunt
1123 3599 1264 3688 epilogi,
1295 3599 1422 3687 quibus
1446 3598 1546 3688 quasi

377 3708 543 3776 clausulis
578 3709 745 3776 terminat
779 3708 997 3776 narrationes
1032 3719 1067 3775 et
1102 3707 1353 3795 descriptiones
1387 3707 1545 3774 insertas,

376 3817 494 3904 Atque
527 3814 679 3904 primum
709 3815 850 3903 quidem
884 3817 955 3882 huc
988 3815 1141 3902 pertinet
1169 3815 1262 3902 quod
1296 3836 1455 3901 pugnam
1490 3836 1547 3879 ex-

376 3924 555 4010 sequendo
579 3923 755 3991 subtiliter
778 3945 965 3990 numerum
989 3945 1168 3990 caesorum
1193 3920 1371 3989 concludit
1393 3922 1493 3988 velut

483 4034 590 4096 1151.
622 4033 790 4099 Ἰουδαίων
811 4034 871 4116 μὲν
894 4032 950 4097 οὖν
973 4032 1178 4117 ἀνῃρέθησαν
1199 4034 1310 4116 μύριοι
1332 4032 1386 4096 καὶ
1406 4031 1546 4122 δισχίλιοι

376 4168 411 4192 ω
435 4139 487 4206 IV
503 4141 576 4220 333,
601 4140 652 4207 IV
668 4143 741 4222 436,
765 4141 820 4204 111
837 4143 910 4205 531.
939 4150 1001 4206 aut
1017 4161 1119 4222 anno,
1144 4137 1208 4222 die,
1223 4159 1345 4205 mense
1360 4135 1546 4226 praecipue

376 4243 619 4312 obsidionibus
643 4245 810 4335 conlectis
832 4248 932 4314 velut
953 4249 1148 4333 Jotapatae.
1523 4283 1525 4288 ,
