3468 5128
686 427 906 490 ..71-

205 637 310 718 μένον
338 636 415 698 ἀλλὰ
439 637 493 700 καὶ
517 638 673 718 γέροντας,
708 639 817 708 οἴκους
841 638 875 702 δὲ
897 639 1135 724 λαμπροτάτους
1157 639 1211 702 καί
1232 640 1390 721 βασιλείας

206 743 287 820 ὅλας
310 743 549 824 ἀνατρέπεσθαι.
1376 740 1378 744 ’

238 853 240 856 ’
316 849 435 914 V329.
470 849 589 932 τὸγὰρ
614 851 823 934 ἀπηνέστερον
839 851 930 934 ἧττον
944 853 1127 915 ὑποπίπτειν
1142 858 1188 934 τῷ
1204 853 1387 935 πανούργῳ.

318 956 452 1021 V1134.
485 956 637 1040 οὐδὲγὰρ
654 957 815 1039 διαφεύγει
830 959 968 1046 πονηρία
982 958 1062 1021 θεοῦ
1078 958 1183 1040 χόλον,
1200 959 1275 1022 οὐδὲ
1291 959 1386 1024 ἀσθε-

208 1062 266 1146 νὴς
299 1065 319 1145 ἡ
345 1063 426 1145 δίκη,
465 1063 574 1145 χρόνῳ
596 1065 711 1145 μέτεισι
733 1064 806 1134 τοὺς
838 1067 881 1134 εἰς
904 1064 1001 1146 αὐτὴν
1023 1067 1312 1148 παρανομήσαντας
1334 1067 1389 1130 καί

209 1171 306 1252 χείρω
329 1169 386 1251 τὴν
412 1171 566 1252 τιμωρίαν
589 1171 735 1252 ἐπιφέρει
757 1177 821 1248 τοῖς
843 1177 1002 1252 πονηροῖς,
1019 1169 1064 1233 ὅτι
1079 1171 1131 1234 καὶ
1146 1173 1388 1255 προσεδόκησαν

209 1277 306 1359 αὐτῆς
328 1277 531 1358 ἀπηλλάχθαι
552 1277 597 1359 μὴ
621 1278 802 1359 παραυτίκα
825 1277 1039 1347 κολασθέντες.

316 1383 368 1448 VI
382 1385 432 1446 34.
467 1383 502 1446 τὸ
533 1383 593 1465 μέν
624 1384 850 1466 παρακελεύειν
878 1383 928 1446 ἐπὶ
949 1383 986 1446 τὰ
1009 1385 1054 1466 μὴ
1079 1385 1217 1467 φέροντα
1240 1385 1387 1450 κίνδυνον

209 1490 346 1552 αὐτόθεν
378 1495 442 1560 τοῖς
476 1491 786 1573 παρακελευομένοις
821 1491 937 1564 ἀκλεές,
973 1491 1078 1573 ἀμέλει
1101 1492 1155 1555 καί
1176 1497 1230 1574 τῷ.
1245 1515 1386 1574 παρακε-

208 1577 327 1658 λεύοντι
350 1596 441 1678 φέρει
464 1597 662 1688 κατάγνωσιν
685 1597 862 1680 ἀνανδρίας.

321 1754 421 1820 Idem
444 1775 529 1820 vero
552 1756 646 1840 quod
671 1756 715 1820 de
738 1753 943 1821 inveniendi
971 1756 1140 1820 facultate
1163 1755 1388 1842 sollertiaque

209 1859 271 1926 vix
302 1881 473 1948 parumve
504 1861 646 1926 exculta
676 1859 713 1926 in
744 1859 930 1928 sententiis
966 1859 1135 1926 adhibitis
1166 1872 1241 1927 erat
1272 1861 1387 1927 dicen-

212 1967 305 2051 dum,
331 1968 374 2033 de
409 1997 411 2002 ·

648 2093 948 2178 srmrrrtuunuus

210 2247 265 2302 est
303 2233 505 2302 faciendum
543 2233 723 2317 iudicium,
762 2256 849 2321 quas
888 2233 1053 2301 subtilius
1092 2231 1385 2320 perspicientibus

209 2353 355 2431 apparet
389 2365 460 2408 non
497 2353 571 2409 tam
606 2365 625 2408 e
659 2340 734 2410 vita
768 2364 874 2428 quarn
909 2364 928 2408 e
956 2342 1076 2408 schola
1108 2339 1275 2428 librisque
1309 2363 1386 2408 esse

209 2461 370 2536 sumptas
393 2451 587 2536 plerasque.

319 2558 578 2640 Argumentum
614 2557 709 2622 enim
738 2555 910 2642 imprimis
944 2556 981 2621 in
1013 2555 1056 2621 iis
1084 2557 1188 2621 rebus
1216 2566 1385 2640 versatur,

209 2682 300 2746 quae
323 2670 359 2723 et
375 2683 395 2724 a
411 2659 631 2744 philosophis
655 2662 885 2726 diatribarum
910 2673 946 2726 et
961 2685 982 2726 a
997 2659 1196 2726 rhetoribus
1220 2671 1305 2725 sunt
1327 2662 1386 2726 ad-

209 2763 352 2846 hibitae,
376 2763 413 2828 in
430 2762 627 2830 medicinae
651 2776 687 2830 et
701 2765 894 2832 bestiarum
919 2764 1180 2851 comparatione
1197 2776 1232 2831 et
1247 2764 1385 2832 theatri.

210 2875 311 2957 Quae
335 2890 549 2957 quamquam
580 2870 720 2956 saepius
751 2893 831 2936 cum
862 2871 1090 2957 scriptoribus
1120 2872 1276 2957 priorum
1300 2883 1386 2938 tem·

208 3001 335 3066 porum
359 2989 395 3044 et
417 2974 531 3063 poetis
555 2975 791 3060 consentiunt,
823 2988 941 3043 tamen
972 2976 1061 3042 mihi
1092 3001 1113 3043 a
1135 3000 1219 3044 vera
1249 2978 1386 3046 ratione

209 3087 370 3152 aberrare
398 3085 627 3151 vehementer
653 3083 824 3168 videatur,
859 3082 919 3170 qui
955 3085 1073 3150 credat
1106 3085 1214 3151 verba
1236 3085 1385 3173 repetita

211 3215 230 3259 e
259 3192 411 3259 lectione
446 3190 523 3279 ipsa
550 3203 735 3279 poetarum
770 3202 805 3258 et
832 3189 1031 3278 principum
1066 3215 1190 3280 prosae
1217 3191 1385 3260 orationis

210 3322 287 3366 esse
310 3300 454 3376 hausta3
479 3299 572 3384 quod
596 3297 673 3364 fieri
697 3297 822 3384 potuit,
846 3321 918 3364 non
947 3299 1077 3382 debuit,
1102 3321 1182 3366 cum
1206 3301 1326 3365 schola
1349 3310 1385 3366 et

209 3428 295 3473 usus
329 3427 501 3492 magnum
530 3426 719 3471 numerum
743 3407 985 3492 exemplorum
1008 3403 1233 3471 exhibuerint
1256 3404 1384 3492 quibus

211 3513 397 3600 scriptores
412 3511 541 3578 iterum
558 3522 665 3598 atque
681 3511 810 3578 iterum
826 3512 1025 3578 utebantur.
1073 3512 1260 3595 Quomodo
1276 3510 1327 3595 fit,
1344 3521 1385 3577 ut

210 3619 296 3686 satis
330 3619 418 3686 mihi
452 3617 616 3686 videatur
639 3619 767 3684 addere
790 3618 849 3686 hic
871 3617 944 3684 illic
970 3619 1065 3684 locos
1092 3616 1232 3702 similes,
1267 3639 1385 3704 super-

209 3749 406 3793 vacaneum
441 3737 561 3793 autem
595 3724 702 3792 unius
734 3725 903 3812 cuiusque
927 3723 1078 3812 exempli
1102 3725 1237 3790 fontem
1260 3735 1296 3790 et
1319 3723 1385 3790 ori-

210 3831 332 3920 ginem
355 3834 532 3920 attingere
564 3844 600 3900 et
621 3831 793 3920 persequi,
828 3831 928 3898 cuius
952 3852 1090 3917 semper
1113 3829 1293 3896 conscium
1316 3829 1384 3898 sibi

209 3939 318 4006 fuisse
341 3940 546 4028 scriptorem
570 3962 642 4007 non
666 3939 798 4027 opinor.

317 4047 446 4116 Forma
469 4059 589 4114 autem
613 4047 650 4114 in
675 4046 828 4134 singulis
850 4043 968 4114 verbis
984 4045 1029 4110 ad
1045 4045 1309 4131 explanandum
1326 4046 1384 4112 ad·
1428 4135 1431 4142 s

210 4151 342 4220 iunctis
365 4165 527 4221 versatur
550 4166 613 4222 aut
636 4152 832 4221 enuntiatis
855 4153 931 4220 sive
953 4152 1152 4218 membrum
1175 4171 1287 4216 unum
1304 4173 1384 4216 con·
1428 4217 1430 4221 .

209 4258 406 4328 tinentibus
429 4261 505 4329 sive
520 4283 643 4329 versus
658 4262 803 4328 modum
819 4257 1080 4342 excedentibus,
1104 4278 1195 4344 quae
1210 4254 1383 4342 explicate
