3468 5128
841 385 1060 448 „12-

359 594 610 683 propositionis
622 597 729 662 verba
741 596 792 684 (11
804 596 883 683 348)
894 599 1000 682 ὕβρεις
1011 595 1204 680 ἐπιτρόπων
1214 595 1361 684 paulum
1372 592 1530 680 variata),

360 725 448 785 quae
478 702 590 769 tribus
621 702 781 790 partibus
813 702 996 790 redarguit
1028 714 1064 770 et
1092 702 1204 787 diluit,
1236 699 1423 768 sententiis
1450 703 1532 786 περί

360 811 483 882 ἀδικίας
513 809 662 876 insertis.
702 810 756 897 (cl.
786 809 855 876 Dio
884 811 1060 896 Chrysost
1084 813 1192 877 XXII
1224 812 1298 894 περὶ
1329 812 1451 897 εἰρήνης
1477 811 1531 875 καὶ

358 919 514 1000 πολέμουτ
539 922 567 982 4.
604 921 637 982 έν
660 921 798 991 ἁπάσαις
819 926 885 991 ταῖς
899 921 1033 1004 βουλαῖς
1056 921 1116 1003 οὐχ
1130 921 1241 1003 ἥκιστα
1263 915 1407 1002 ἐμπίπτει
1422 917 1476 981 καὶ
1491 917 1530 982 τδ

357 1032 505 1099 τοιοῦτον,
529 1027 558 1089 εἰ
578 1026 699 1091 δίκαιον
720 1034 784 1098 τοῖς
805 1027 850 1111 μὴ
876 1027 1114 1114 προαδικήσασι
1136 1024 1309 1110 πολεμεῖν.)

465 1147 632 1235 Sequitur
654 1171 734 1236 pars
758 1152 913 1217 secunda
935 1148 1184 1239 propositionis

466 1259 502 1322 ΙΙ
519 1261 591 1323 355.
616 1259 695 1323 ἀλλὰ
711 1260 793 1342 ,μὴν
819 1260 854 1323 τό
878 1284 912 1342 γε
934 1266 991 1324 νῦν
1025 1255 1208 1342 ἐλευθερίας
1230 1259 1394 1340 ἐπιθυμεῖν
1421 1258 1530 1340 ἄωρον

359 1364 414 1449 (cl.
442 1363 718 1450 propositionem
749 1366 787 1430 τὰ
820 1374 877 1450 τῆς
910 1367 1092 1450 ἐλευθερίας
1125 1368 1282 1454 ἐγκώμια)
1316 1385 1422 1450 quam
1455 1383 1529 1428 rem

358 1492 468 1558 aeque
507 1481 612 1557 atque
658 1481 763 1537 antea
809 1471 920 1539 tribus
965 1471 1125 1559 partibus
1167 1471 1305 1558 probat,
1351 1469 1528 1537 sententia

358 1577 492 1665 (35516),
520 1577 647 1644 δεῖσθε
675 1601 696 1644 a
722 1577 859 1645 minore
889 1579 934 1646 ad
956 1578 1071 1645 maius
1094 1578 1227 1645 ducens
1251 1576 1527 1667 disputationem
1554 1557 1562 1574 ⁹

358 1685 490 1771 profert
506 1688 606 1753 35617
624 1688 738 1752 οἰκεῖον
749 1687 936 1770 ὑπόδειγμα,
953 1685 1105 1772 denique
1117 1688 1266 1771 ἀλλότρια
1277 1687 1526 1769 παραδείγματα.

359 1789 467 1858 Cuius
490 1789 522 1857 ei
546 1790 864 1878 argumentationis
888 1792 1031 1879 singula
1055 1790 1227 1858 eiusmodi
1250 1790 1287 1858 in
1304 1813 1409 1858 usum
1424 1812 1527 1858 vene-

358 1909 450 1982 runt,
474 1909 514 1966 ut
539 1900 610 1966 fere
630 1899 753 1966 eadem
775 1900 883 1967 verba
907 1899 1131 1987 cogitatuque
1154 1909 1290 1987 repetat
1312 1897 1349 1964 in
1370 1897 1527 1965 oratione

362 2005 504 2093 obliqua
528 2007 572 2094 (V
596 2008 681 2096 362).

465 2135 501 2196 II
519 2136 626 2202 35416.
661 2136 829 2218 κινηθέντα
853 2124 883 2201 δ’
896 2137 981 2210 ἅπαξ
1002 2135 1057 2200 τὸν
1079 2135 1220 2218 πόλεμον
1244 2136 1315 2199 οὔτε
1341 2134 1527 2198 ἀποθέσθω

357 2239 469 2322 ῥᾴδιον
492 2236 567 2323 δίχα
585 2247 768 2327 συμφορῶν
792 2244 863 2306 οὔτε
877 2245 1048 2325 βαστάζειν.
1072 2242 1149 2305 ἀλλὰ
1171 2241 1236 2323 μὴν
1258 2241 1297 2304 τό
1313 2263 1348 2322 γε
1370 2246 1427 2302 νῦν
1442 2240 1526 2302 ἕλευ-

358 2333 468 2428 θερίας
501 2347 666 2428 ἐπιθυμεῖν
700 2349 817 2433 ἄωρον,
852 2349 925 2412 δέον
947 2350 1026 2430 ὑπὲρ
1049 2355 1108 2412 τοῦ
1130 2335 1212 2430 μηθ’
1236 2346 1406 2430 ἀποβαλεῖν
1429 2345 1526 2429 αὐτὴν

357 2450 572 2540 ἀγωνίζεσθαι
594 2454 747 2539 πρότερον
769 2455 830 2518 κτλ.
856 2454 896 2518 ci.
920 2456 953 2521 V
969 2457 1069 2522 36516
1094 2463 1130 2519 et
1153 2455 1271 2518 11357
1295 2473 1330 2496 ⁰⁶
1353 2454 1386 2520 V
1402 2455 1475 2519 368.

465 2559 647 2642 Quantum
659 2581 742 2626 vero
757 2559 935 2646 Josephus
949 2558 986 2626 in
999 2557 1263 2626 enumeratione
1275 2558 1524 2647 exemplorum,

356 2685 446 2752 quae
473 2666 630 2732 rhetores
657 2667 831 2735 docebant
852 2665 1085 2754 multiplicem
1108 2666 1306 2734 delectandi
1330 2664 1466 2752 copiam
1490 2675 1525 2731 et

356 2795 494 2840 summa
522 2795 602 2840 cum
630 2774 838 2843 auctoritate
862 2776 1026 2862 praebere
1049 2775 1166 2859 iidem,
1190 2775 1330 2841 scholae
1354 2794 1433 2838 cum
1457 2793 1524 2837 usu

356 2890 392 2946 et
421 2879 648 2968 scriptoribus
671 2882 940 2970 rhetoribusque
962 2881 1058 2949 illius
1081 2881 1207 2949 aetatis
1231 2891 1266 2947 et
1288 2878 1522 2967 posteriorum

356 2997 554 3073 temporum
582 2989 767 3056 cohaereat
793 2989 895 3056 facile
921 2999 1039 3076 potest
1062 2987 1235 3072 cognosci.
1282 2989 1376 3051 Nam
1400 2984 1522 3049 eadem

356 3095 516 3181 exempla
528 3116 592 3161 sua
604 3105 720 3161 aetate
735 3097 921 3162 decantata
933 3095 1050 3162 illudit
1062 3093 1242 3168 Lucianus
1254 3095 1319 3177 ῥητ.
1332 3093 1452 3158 διδάσκ.
1474 3094 1522 3156 18.

356 3203 405 3266 ἐπὶ
432 3202 466 3267 δὲ
488 3209 582 3267 πᾶσιν
608 3204 749 3286 λεγέσθω
777 3205 796 3268 ὁ
818 3203 994 3288 Μαραθὼν
1020 3204 1074 3268 καὶ
1100 3202 1148 3266 ἀεὶ
1175 3188 1323 3279 δ”Αθως
1347 3201 1488 3264 πλείσθω
1498 3196 1522 3285 ¹)

355 3309 408 3374 καί
431 3311 449 3374 δ
469 3309 697 3394 Ἑλλήσποντος
718 3311 904 3386 πεζευέσθω
920 3311 974 3375 καί
990 3309 1108 3397 Ξέρξης
1123 3310 1265 3393 φευγέτω
1280 3306 1335 3374 καὶ
1351 3307 1524 3396 Λεωνίδης

356 3417 577 3500 θαυμαζέσθω
600 3415 656 3482 καί
679 3418 863 3501 ἡΣαλαμλς
885 3415 941 3484 καὶ
963 3417 998 3482 τὸ
1019 3418 1209 3500 Ἀρτεμίσιον
1231 3417 1285 3481 καὶ
1308 3418 1340 3481 αἱ
1355 3415 1521 3487 Πλαταιάι,

355 3521 564 3608 quibuscum
599 3525 757 3589 conferas
790 3522 897 3590 velim
930 3523 1140 3610 Josephum,
1179 3521 1238 3610 qui
1273 3519 1435 3608 producit
1467 3521 1522 3585 τὸν

354 3632 561 3715 ὑπερήφανον
597 3633 718 3721 Ξέρξην
751 3633 802 3697 διὰ
834 3641 891 3717 γῆς
923 3634 1099 3699 πλεύσαντα
1133 3634 1186 3698 καὶ
1208 3632 1259 3698 διὰ
1295 3632 1459 3714 θαλάσσης
1490 3630 1522 3694 ὄ-

355 3738 510 3804 δεύσαντα
539 3736 645 3825 (quod
673 3737 926 3827 Gorgianum2)
953 3763 974 3806 a
1005 3739 1204 3807 rhetoribus
1226 3759 1393 3826 persaepe
1416 3734 1522 3803 usita-

356 3851 431 3908 tum
454 3843 522 3909 hoc
544 3844 621 3911 loco
645 3868 689 3912 ex
710 3849 863 3913 Isocrate
886 3846 963 3933 ipso
979 3847 1159 3936 (panegyr.
1178 3851 1230 3929 89)
1255 3847 1424 3913 haustum
1444 3868 1521 3912 esse

464 4045 485 4120 ¹)
510 4063 604 4127 quam
632 4047 796 4106 dictionem
824 4049 927 4107 Aelius
955 4050 1104 4108 Aristides
1132 4050 1245 4130 probat
1272 4059 1304 4106 et
1326 4047 1521 4106 commendat

353 4131 444 4213 τέχνη
467 4132 538 4218 περὶ
560 4133 719 4216 σεμνότητ.
743 4139 818 4195 rhet.
841 4137 893 4197 Gr.
909 4138 937 4196 ΙΙ
960 4158 990 4214 p.
1013 4139 1073 4200 461
1101 4139 1150 4214 Sp.

462 4241 486 4320 ²)
510 4242 773 4314 Nordenhntike
797 4244 945 4323 Kunstpr.
968 4246 982 4303 Ι
1004 4266 1033 4322 p.
1056 4246 1166 4311 38516.
