3468 5128
815 417 1034 486 „647-

343 631 380 688 et
414 619 451 687 in
487 621 631 708 singula
666 621 886 710 discerpendi
922 625 1119 712 complures
1153 625 1284 690 formas
1312 645 1384 690 non
1413 625 1522 690 modo

342 725 457 812 utileS,
493 729 555 795 sed
579 727 686 794 etiam
710 729 849 816 ineptas
872 729 1021 818 protulit
1044 740 1080 796 et
1103 728 1232 814 effecit3
1267 731 1521 816 progrediente

343 833 439 901 enim
474 835 633 902 oratione
668 837 712 903 ad
741 835 981 904 adiuvandam
1004 860 1078 904 rem
1101 848 1138 904 et
1160 836 1421 926 oppositionem
1444 837 1519 904 effi-

344 940 505 1008 ciendam
543 945 656 1010 multa
695 945 802 1010 verba
840 943 962 1012 inania
1004 945 1212 1028 funduntur,
1257 965 1519 1031 supervacanea

341 1047 528 1117 enuntiata
562 1052 749 1137 supplendi
774 1073 880 1118 causa
903 1051 1115 1136 inseruntur,
1151 1050 1226 1118 sive
1248 1049 1298 1116 rei
1321 1050 1519 1138 praemittit

341 1167 472 1242 auctor,
507 1180 598 1244 quae
632 1181 736 1247 saepe
770 1161 920 1226 formam
954 1159 1093 1245 figurae
1126 1162 1191 1226 κατ’
1217 1161 1312 1244 ἄρσιν
1344 1160 1398 1225 καὶ
1425 1161 1518 1226 θέσιν

341 1264 494 1350 praebet,
518 1263 594 1332 sive
617 1265 785 1352 adiungit
808 1276 844 1332 et
859 1266 954 1332 idem
970 1275 1221 1352 argumentum
1237 1263 1354 1333 verbis
1370 1263 1516 1332 variatis

340 1371 395 1438 bis
419 1371 585 1459 repetit¹)

449 1481 551 1564 Quae
585 1479 674 1546 ratio
710 1479 952 1567 coniungendi
981 1479 1167 1546 enuntiata
1190 1490 1252 1546 aut
1275 1477 1377 1546 initio
1401 1500 1514 1564 aequo

341 1595 404 1652 aut
426 1585 500 1653 fine
523 1581 720 1670 adiuvatur,
745 1586 873 1673 quibus
896 1586 1023 1674 figuris
1047 1588 1248 1673 anaphorae
1271 1596 1307 1652 et
1322 1584 1516 1672 paromoio-

239 1733 241 1736 -
340 1715 418 1759 scos
454 1703 490 1759 et
527 1693 795 1760 homoiotelenti
830 1694 922 1761 infra
956 1693 1165 1780 explicatius
1200 1691 1412 1759 disserendis
1446 1693 1516 1758 hoc

340 1801 417 1866 loco
440 1798 477 1866 id
500 1799 681 1867 mentione
705 1799 855 1887 dignum
872 1811 934 1884 est,
959 1801 1052 1887 quod
1074 1823 1145 1866 uon
1161 1801 1267 1866 modo
1283 1797 1515 1886 aequabilitas

340 1929 514 1996 saepeque
548 1929 717 1974 numerus
744 1930 878 1996 aequus
902 1909 1117 1994 syllabarum
1140 1907 1280 1996 petitur,
1316 1907 1378 1973 sed
1406 1905 1514 1973 etiam

340 2036 515 2082 consensu
537 2017 776 2082 membrorum
800 2027 835 2082 et
858 2015 978 2083 sonitu
1002 2017 1175 2103 quaedam
1199 2011 1424 2099 eurbythmia
1441 2012 1516 2079 effi-

341 2119 439 2188 citur.

446 2227 641 2297 Tricolicae
664 2240 700 2296 et
716 2230 939 2298 tetracolicae
954 2241 1074 2297 autem
1090 2227 1267 2312 orationiS,
1292 2249 1381 2314 quae
1396 2225 1513 2313 magis

338 2335 375 2401 in
401 2357 515 2421 genus
538 2336 736 2422 figurarum
760 2339 930 2424 quadrare
950 2336 1147 2418 videantur,
1171 2333 1341 2420 exemplis
1363 2344 1514 2420 praeter-

337 2439 455 2508 missis
490 2463 586 2508 nunc
621 2444 665 2509 ad
701 2443 943 2528 asyndeticam
978 2453 1191 2509 structuram
1222 2440 1337 2526 venio,
1370 2463 1440 2528 qua
1468 2441 1512 2506 ab

339 2546 416 2614 aliis
440 2547 668 2638 scriptoribus
689 2551 734 2616 ad
750 2551 948 2616 docendum
965 2560 1001 2616 et
1015 2549 1234 2615 monendum
1250 2560 1333 2635 apta
1348 2547 1471 2615 habita
1478 2547 1514 2634 ²),

339 2677 420 2722 cum
453 2655 528 2724 vim
562 2679 693 2744 augere
726 2656 893 2726 brevibus
926 2655 1247 2744 minutioribusque
1276 2653 1443 2722 membris
1478 2664 1513 2720 et

336 2785 458 2850 pressa
496 2766 675 2832 cumulata
714 2776 918 2833 coacervata
958 2765 1116 2832 oratione
1151 2765 1300 2847 studeat,
1333 2762 1512 2848 Josephus

336 2868 457 2955 utitur,
481 2882 522 2938 ut
545 2871 681 2938 animos
706 2872 859 2940 concitet
881 2883 918 2939 et
933 2875 1088 2939 affectus.

446 2979 632 3062 Quomodo
648 2980 699 3064 rit,
715 2992 757 3047 ut
773 2993 808 3048 et
819 2981 856 3047 in
870 2979 1136 3067 quaestionibus
1149 2973 1360 3061 urgentibus
1372 2973 1419 3058 (ΙΙ
1434 2975 1511 3060 361)

324 3081 559 3170 ,epilogisque
594 3086 794 3152 orationum
830 3089 912 3172 (VII
931 3091 1004 3168 380,
1029 3085 1105 3169 385)
1135 3081 1230 3148 etin
1254 3078 1315 3145 illa
1339 3077 1424 3144 Titi
1438 3101 1512 3146 ora-

337 3189 434 3254 tione
458 3189 675 3274 adhibeatur,
710 3214 781 3277 qua
804 3191 917 3278 qualis
950 3190 986 3255 in
1010 3190 1167 3274 Judaeos
1191 3185 1298 3253 fuerit
1320 3185 1512 3274 imperator

337 3294 488 3383 singulis
511 3296 616 3363 rebus
639 3297 812 3383 factisque
835 3297 982 3383 exponit
1005 3308 1040 3363 et
1064 3294 1211 3362 disserit.

445 3406 496 3471 VI
521 3408 593 3471 344.
628 3405 709 3490 ἧκον
732 3407 781 3470 ἐπὶ
803 3406 859 3488 τὴν
880 3406 970 3470 πόλιν
995 3407 1068 3488 ἐγώ,

625 3514 683 3578 τὸν
707 3514 810 3596 δῆμον
834 3513 976 3591 ἀνιούσας
999 3564 1005 3578 .
1030 3564 1036 3577 .
1062 3564 1068 3578 .
1092 3514 1208 3597 ἥσθην.

625 3623 739 3702 ὑμᾶς.
763 3673 769 3686 .
793 3622 1000 3705 παρεκάλουν,

625 3779 631 3792 .
656 3779 662 3792 .
688 3779 694 3792 .
718 3729 945 3812 πολεμούντων
968 3730 1155 3812 ἐφειδόμην,

626 3835 729 3910 δεξιὰς
752 3837 867 3918 ἔδωκα,

624 3945 1027 4030 καταφυγοῦσιν-ἐτήρησα,

625 4049 767 4121 πολλοὺς
789 4101 795 4115 .
820 4101 826 4115 .
851 4102 857 4116 .
881 4051 999 4135 ἠλέησα
1021 4053 1083 4117 κτλ.

447 4196 469 4274 ¹)
495 4197 532 4254 ci.
548 4197 613 4272 p.8
638 4199 710 4255 illud
735 4199 947 4274 Hermogenis.

444 4285 467 4362 ²)
492 4285 587 4354 Blass,
610 4285 745 4345 Gramm.
770 4289 824 4345 des
847 4284 928 4346 neut.
952 4288 1074 4350 Griech.
1099 4308 1128 4362 p.
1145 4285 1218 4346 272.
