3468 5128
685 431 905 493 ...65-

321 639 402 722 Qua
424 637 561 705 ratione
585 638 827 706 conformandi
851 662 933 706 cum
956 639 1100 726 singula
1114 641 1273 707 membra
1288 639 1389 708 iuxta

212 755 401 832 ponantur,
425 744 461 811 in
486 744 564 812 aliis
588 745 783 814 enuntiatis
806 745 983 833 periodice
1006 745 1219 835 compositis,
1253 746 1290 814 in
1315 747 1397 835 qui?

212 853 281 919 bus
304 874 443 918 summa
474 854 531 918 lex
566 862 603 920 et
637 851 849 940 gravissima
883 865 937 920 est
961 852 1080 922 unitas
1104 853 1315 941 argumenti,
1348 877 1390 921 ea

214 981 278 1042 σεε,
295 961 339 1025 ad
355 982 461 1051 quarn
478 959 673 1047 disputatio
689 971 827 1047 spectat
843 972 880 1027 et
896 961 1034 1027 trahere
1050 963 1130 1029 vult
1145 960 1389 1045 attentionem,

213 1065 251 1131 in
275 1065 348 1132 fine
371 1065 524 1152 ponitur,
553 1067 608 1133 cui
632 1069 875 1154 praeparando
898 1079 935 1136 et
957 1067 1167 1154 explicando
1191 1067 1391 1135 inserviunt

213 1172 412 1240 sententiae
435 1173 655 1261 praemissae.
703 1176 783 1259 Quo
809 1173 1043 1262 componendi
1065 1197 1203 1261 genere,
1227 1197 1297 1261 quo
1314 1196 1390 1241 sen-

213 1278 347 1346 tentiae
370 1280 535 1362 variatae,
570 1303 660 1367 quae
695 1304 715 1347 a
739 1303 803 1348 suo
833 1279 1007 1369 principio
1030 1282 1269 1348 deflectuntur
1293 1291 1328 1347 et
1350 1279 1390 1346 li-

212 1385 331 1454 berius
354 1399 541 1474 vagantur,
565 1389 610 1454 ad
634 1409 746 1454 unum
770 1387 818 1454 rei
843 1399 950 1477 caput
966 1390 1165 1455 referuntur
1180 1398 1216 1454 et
1230 1388 1389 1470 redeunt,

212 1493 327 1561 utitur
360 1496 539 1583 Josephus
574 1493 747 1582 imprimis
782 1518 823 1562 eo
859 1494 1015 1580 consilio,
1050 1505 1091 1562 ut
1126 1499 1308 1562 Romanos
1344 1495 1388 1560 ad

211 1601 381 1668 maiorem
416 1600 490 1669 vim
523 1601 735 1669 rhetoricam
764 1601 989 1670 efficiendam
1013 1625 1094 1669 curn
1118 1601 1196 1669 aliis
1220 1600 1388 1689 gentibus

213 1720 402 1795 comparet,
438 1708 589 1777 virtutes
623 1709 869 1778 fortitudinem
903 1709 1190 1798 magnitudinem
1214 1708 1389 1797 explicate

213 1814 388 1883 describat
404 1827 440 1883 et
457 1817 608 1883 celebret
623 1815 786 1902 gentium
802 1817 1050 1900 subiectarum,
1066 1815 1218 1883 victores
1230 1826 1388 1903 opponat

215 1925 396 1990 Romanos
421 1923 518 1991 brevi
544 1922 729 1990 enuntiato
753 1945 1011 2010 numerumque
1034 1922 1214 2008 copiarum
1238 1942 1388 2009 parvum

212 2031 312 2096 velut

320 2176 356 2238 11
381 2177 454 2239 358.
493 2173 550 2239 καὶ
578 2175 748 2264 Ἀθηναῖοι
781 2174 841 2257 μὲν
875 2176 905 2239 ολ
938 2173 1009 2256 περὶ
1042 2177 1101 2260 τῆς
1134 2180 1201 2238 τῶν
1228 2165 1391 2261 Ἑλλήνων

212 2281 389 2368 ἒλτνδερίας
410 2278 609 2368 παραδόντες
632 2283 713 2348 ποτὲ
732 2280 790 2348 καὶ
812 2279 889 2364 πυρὶ
904 2273 961 2370 την
980 2282 1083 2356 πόλιν,
1107 2283 1138 2345 ολ
1151 2274 1206 2346 τὸν
1222 2279 1387 2369 ὑπερήφα-

211 2413 268 2453 νον
296 2390 419 2479 Ξέρξην
454 2382 512 2456 διά
548 2394 606 2478 γῆς
639 2391 815 2456 πλεύσαντα
849 2390 903 2456 νιαλ
936 2384 988 2456 διά
1015 2385 1184 2474 θαλάσσης
1213 2377 1388 2455 ὁδεύσαντα
1450 2470 1453 2477 Ι

211 2497 265 2562 καλ
290 2489 336 2585 μὴ
360 2494 568 2581 χωρούμενον
589 2497 651 2582 μὲν
672 2496 847 2582 πελάγεσιν,
878 2497 1069 2582 πλατιτέραν
1092 2497 1129 2564 δὲ
1151 2502 1207 2584 τῆς
1229 2493 1390 2581 Εὐρώπης

209 2597 267 2681 τήν
290 2597 448 2684 στρατιάν
478 2591 604 2684 dyona,
636 2596 691 2669 οἷα
721 2605 884 2687 δραπέτην
913 2606 1083 2681 διώξαντες
1111 2601 1184 2690 περὶ
1217 2602 1253 2668 δὲ
1276 2609 1391 2690 σμικρᾷ

211 2707 374 2788 Σαλαμῖνι
405 2698 461 2792 τὴν
490 2709 647 2788 τοσαύτην
669 2699 777 2774 Ἀσίαν
800 2707 972 2781 κλάσαντες
1001 2717 1058 2773 νῦν
1081 2710 1288 2774 δουλεύουσιν
1311 2698 1389 2772 Ῥω-

210 2813 319 2896 μαίοις
342 2811 394 2898 (cf.
419 2811 546 2893 11359,
571 2813 697 2894 11360,
721 2816 795 2895 368,
820 2815 884 2878 369
902 2825 964 2879 etc.
990 2835 1034 2878 ex
1057 2811 1135 2880 aliis
1159 2809 1388 2898 scriptoribus

211 2916 387 2988 Velleium
412 2918 634 2984 Paterculum
659 2920 791 2984 11106:

319 3058 434 3128 omnis
450 3082 571 3128 eorum
587 3061 764 3145 iuventus,
787 3059 930 3127 infinita
948 3082 1105 3145 numero,
1128 3059 1301 3128 immensa
1317 3084 1388 3127 cor·

211 3165 364 3254 poribus,
399 3166 470 3234 situ
505 3169 662 3236 locorum
686 3166 872 3252 tutissima,
907 3165 1046 3236 traditis
1079 3165 1185 3234 armis
1208 3190 1281 3235 una
1305 3190 1385 3234 cnm

211 3273 361 3341 ducibus
384 3273 467 3359 suis,
491 3285 592 3362 septa
614 3275 768 3362 fulgenti
792 3285 998 3362 armatoque
1012 3273 1168 3341 militum
1184 3285 1386 3342 nostrorum

212 3379 378 3468 agmine.
402 3433 409 3447 .
433 3434 440 3447 .
466 3391 573 3448 .ante
595 3380 816 3469 imperatoris
841 3381 995 3449 tribunal
1016 3380 1225 3470 procubuit)

319 3527 446 3591 Restat
468 3534 509 3591 ut
531 3523 751 3610 prooemium
774 3523 993 3612 perspiciam,
1017 3527 1111 3613 quod
1135 3535 1172 3592 et
1193 3545 1298 3592 usum
1320 3533 1386 3591 tra-

211 3629 370 3697 laticium
393 3629 732 3719 Thucydideamque
755 3630 990 3700 imitationem
1025 3633 1188 3700 redolens
1220 3630 1257 3698 in
1281 3629 1385 3698 initio

211 3735 325 3824 operis
359 3737 516 3825 positum
550 3737 698 3805 summis
732 3739 918 3807 exornavit
940 3741 1119 3827 Josephus
1153 3736 1312 3806 artificiis
1344 3748 1386 3806 ut

211 3844 412 3912 ostenderet
435 3855 652 3932 quantopere
676 3845 928 3933 componendis
943 3846 1042 3914 libris
1059 3868 1201 3934 operam
1217 3846 1325 3931 daret,
1348 3856 1385 3913 et

211 3951 305 4036 quod
329 3973 410 4017 cum
433 3962 553 4018 mente
576 3962 612 4018 et
635 3951 781 4019 consilio
809 3953 846 4019 in
871 3953 1170 4041 quamplurimas
1193 3951 1384 4041 particulas

211 4055 333 4123 divisit
367 4080 437 4144 quo
470 4057 586 4146 magis
622 4058 762 4126 uberior
784 4059 896 4126 oratio
920 4061 1086 4129 evaderet
1108 4072 1145 4128 et
1168 4059 1237 4129 alia
1260 4083 1315 4128 res
1339 4082 1383 4126 ex

211 4162 280 4230 alia
303 4185 404 4249 nexa,
438 4187 561 4232 omnes
588 4165 681 4233 inter
704 4188 742 4233 se
765 4177 869 4253 aptae
892 4176 929 4233 et
952 4167 1142 4256 colligatae
1164 4167 1383 4251 viderentur3

211 4271 305 4356 quod
328 4292 411 4338 vero
435 4271 542 4340 latius
564 4272 701 4360 patebit
724 4295 744 4340 e
766 4272 945 4360 prooemio
968 4274 1053 4363 ipso.

1274 4415 1292 4473 5
