3468 5128
821 368 1043 430 ..53-

285 653 289 660 ¹
346 575 506 646 inserant
539 599 684 645 sensum
694 578 727 665 ¹),
763 588 799 644 et
826 578 939 643 forma
973 585 1010 642 et
1044 585 1255 662 argumento
1284 584 1320 641 et
1348 585 1527 642 structura

346 683 445 752 varia
476 695 562 751 sunt
592 706 723 770 genera
753 682 1021 769 distinguenda:
1057 681 1147 749 aliae
1177 704 1249 748 non
1281 692 1424 748 exstant
1453 679 1524 748 nisi

347 791 393 860 ad
428 792 652 877 explananda
691 790 806 858 aliena
841 800 877 858 et
911 777 1137 857 abhorrentia
1172 812 1193 855 a
1226 787 1352 876 lingua
1387 788 1524 856 Graeca

347 897 521 965 vocabula
529 897 565 984 ²),
588 908 652 966 aut
667 920 856 965 numerum
879 920 1060 966 caesorum
1076 907 1113 964 et
1128 895 1349 983 captivorum
1373 896 1523 978 addunt;

347 1001 437 1070 aliae
460 1025 532 1070 non
563 1025 710 1073 munere
740 1005 974 1093 interpretum
1004 1007 1213 1091 iunguntur,
1245 1004 1306 1070 sed
1334 1013 1397 1070 aut
1419 1001 1524 1089 scrip-

347 1108 433 1178 toris
456 1111 501 1178 de
523 1111 725 1200 praemissis
749 1114 853 1181 rebus
876 1111 1047 1180 iudicium
1070 1111 1215 1196 faciunt,
1247 1132 1398 1198 quarum
1421 1131 1527 1196 argu-

346 1216 603 1286 mentationem
635 1232 671 1288 et
702 1221 956 1288 documentum
990 1219 1103 1286 rarius
1134 1220 1261 1303 ferunt,
1296 1227 1359 1284 aut
1389 1215 1523 1304 aliquid

347 1323 431 1392 novi
460 1325 627 1411 adiciunt,
664 1328 758 1414 quod
787 1325 823 1392 in
852 1348 986 1393 nexum
1020 1325 1216 1412 seriemque
1246 1322 1415 1392 orationis
1444 1346 1524 1391 con·

348 1430 470 1499 tinuae
507 1431 649 1518 iniungi
688 1455 760 1499 non
799 1443 945 1519 poterat.
997 1431 1135 1516 Quibus
1174 1442 1259 1499 sunt
1297 1431 1423 1499 affines
1461 1453 1528 1498 eae-

346 1537 602 1625 parentheseis,
637 1561 727 1625 quae
761 1561 877 1626 neque
912 1561 992 1605 cum
1026 1538 1192 1628 primaria
1227 1539 1404 1606 sententia
1439 1549 1526 1606 sunt

348 1643 558 1711 coniunctae
581 1667 696 1732 neque
720 1669 740 1712 a
759 1645 862 1712 certis
878 1645 994 1713 verbis
1012 1645 1248 1734 cogitatisque
1271 1647 1436 1733 pendent,
1460 1646 1523 1712 sed

347 1749 477 1818 liberae
500 1761 536 1818 et
559 1753 696 1819 solutae
719 1763 755 1820 et
778 1751 815 1819 in
847 1776 884 1820 se
907 1753 1044 1840 positae
1075 1765 1138 1821 aut
1163 1753 1293 1843 γνώμην
1317 1752 1529 1840 significant

347 1857 469 1926 antid
493 1861 587 1946 quod
611 1859 770 1948 sequitur
791 1873 1010 1948 praeparant

453 1968 677 2054 Argumento
693 1979 814 2036 autem
837 1971 970 2036 formae
987 1991 1127 2056 quoque
1141 1969 1399 2056 parentheseon
1416 1966 1527 2034 eflici-

347 2084 465 2158 untur,
497 2097 647 2162 quarum
670 2075 760 2143 aliae
791 2100 862 2144 non
888 2075 1077 2144 coniuncta
1108 2077 1169 2143 sed
1193 2075 1293 2163 quasi
1318 2073 1523 2161 asyndetica

346 2179 483 2248 ratione
517 2192 603 2248 sunt
633 2181 794 2268 insertae,
829 2167 969 2250 aliae'a
1000 2182 1209 2270 pronomine
1243 2180 1523 2250 demonstrativo

347 2288 441 2366 οὗτος
464 2286 709 2374 similibusque
732 2290 908 2357 adverbiis
932 2289 1117 2376 incipiunt,
1141 2289 1230 2356 aliae
1253 2282 1435 2376 particulis
1459 2283 1529 2380 γὰρ

347 2402 383 2458 et
405 2396 459 2460 καὶ
483 2403 519 2458 et
543 2396 577 2460 δὲ
600 2392 881 2462 introducuntur.
1205 2411 1206 2414 ’

453 2499 639 2568 Structura
670 2511 790 2568 autem
821 2513 875 2569 est
898 2502 1080 2588 eiusmodi,
1112 2515 1152 2570 ut
1179 2525 1293 2570 unum
1322 2505 1523 2572 membrum

346 2629 424 2674 raro
442 2609 623 2692 excedant,
648 2610 879 2678 anacoluthos
902 2610 1026 2696 vitent,
1051 2622 1252 2678 contractae
1276 2623 1311 2680 et
1334 2611 1435 2700 quasi
1452 2633 1529 2678 am·-

346 2727 492 2803 putatae
516 2740 593 2784 esse
608 2716 797 2786 videantur
820 2718 856 2785 in
873 2719 917 2786 iis
933 2720 1049 2787 verbis
1074 2719 1225 2806 singulis
1247 2730 1283 2786 et
1299 2717 1528 2802 dictionibus.

346 2823 384 2889 in
420 2823 548 2911 quibus
582 2827 681 2892 nulla
708 2825 763 2894 vis
797 2825 890 2892 inest
924 2850 1039 2913 neque
1072 2811 1212 2912 pondus
1240 2826 1340 2890 velut
1374 2817 1452 2910 ὅπερ
1479 2817 1529 2906 ἦν·

231 2943 232 2946 ’
346 2932 488 3016 V1,154‚
513 2936 586 2998 303.
622 2927 791 3017 οἶμαιΙὸ,
817 2935 867 3000 IV
883 2938 957 2998 277.
993 2932 1028 2998 τὸ
1053 2934 1087 2996 δὲ
1109 2935 1257 3016 μέγιστον
1273 2930 1324 2995 VI
1345 2932 1392 2993 13.
1427 2921 1463 2994 τὸ
1486 2930 1529 2995 δὲ·

346 3029 470 3102 τούτων
492 3037 719 3125 φοβερώτερον
743 3041 883 3106 V1300.
919 3033 957 3102 τὸ
980 3039 1110 3103 πάντων
1134 3038 1292 3116 αἴσχιστον
1315 3035 1349 3100 V
1368 3038 1437 3100 122.

453 3142 632 3209 Sescentis
644 3143 902 3230 parentheseon
920 3163 964 3205 ex
976 3139 1147 3228 exemplis
1161 3161 1251 3226 quae
1264 3139 1384 3208 omnia
1397 3143 1529 3210 afferre>

347 3257 384 3314 et
407 3247 556 3334 longum
580 3259 615 3314 et
639 3268 940 3334 supervacaneum
972 3256 1025 3312 est
1048 3247 1093 3312 ad
1117 3248 1359 3334 explanandas
1390 3251 1527 3317 formas.

345 3376 459 3442 pauca
482 3355 589 3442 elegi:

453 3459 727 3530 introducuntur
741 3459 914 3548 particula
938 3461 1010 3552 γάρ,
1034 3462 1090 3530 cui
1106 3462 1346 3552 praemittitur
1369 3454 1432 3530 aut
1446 3486 1528 3531 ver·-

346 3570 433 3637 bum
449 3575 557 3660 γέγονε
572 3563 633 3660 γὰρ
650 3572 685 3636 Π
704 3573 754 3636 21.
789 3567 993 3658 κατεάγησαν
1008 3567 1070 3660 γὰρ
1084 3574 1136 3638 VI
1153 3575 1217 3636 402
1242 3581 1306 3636 aut
1325 3592 1519 3659 pronomen

347 3679 439 3750 οὗτος
466 3678 524 3767 γὰρ
548 3680 686 3746 V1131.
722 3676 1025 3764 autpraepositio
1054 3669 1127 3747 ἀπὸ
1154 3673 1217 3762 γὰρ
1240 3679 1357 3746 V179.
1393 3688 1456 3744 aut
1483 3669 1526 3745 ozi

459 3873 483 3961 ¹)
508 3879 611 3946 Quint.
635 3879 664 3942 8.
689 3880 718 3952 2,
745 3879 794 3941 15.
840 3879 1029 3938 Parenthesis
1053 3881 1222 3954 interiectio
1247 3899 1308 3955 qua
1331 3887 1465 3937 oratores
1489 3885 1525 3936 et.

347 3967 481 4026 historici
505 3967 679 4044 frequenter
701 3977 831 4038 utuntur,
855 3970 892 4028 cf.
915 3970 1086 4026 Alexander
1108 3972 1184 4028 rhet.
1208 3969 1320 4027 Graeci
1343 3968 1396 4041 111,
1420 3988 1449 4043 p.
1465 3966 1518 4030 38.

346 4058 397 4132 Sp.
420 4057 473 4132 qui
503 4060 712 4132 parentheseis
743 4061 773 4116 in
807 4077 933 4117 numero
964 4057 1027 4120 τῶν
1061 4044 1254 4139 ὖπερβάνων
1284 4060 1392 4127 habet,
1423 4065 1454 4114 et
1481 4057 1522 4114 de

347 4147 546 4217 scriptoribus
569 4143 787 4222 posterioribus
811 4149 941 4215 Schmid‚
964 4148 1138 4205 Atticismus
1162 4148 1284 4223 passim.

456 4232 484 4314 2)
506 4235 599 4307 Blass,
623 4236 813 4296 Grammatik
836 4239 890 4296 des
913 4245 1043 4295 neutest.
1066 4237 1188 4295 Griech.
1211 4257 1239 4312 p.
1257 4233 1332 4296 275.
