3468 5128
810 377 1030 440 -40..

443 585 591 653 Accedit
613 586 708 673 quod
731 583 919 672 descriptio
943 584 1044 673 quasi
1060 587 1105 652 ad
1122 586 1420 674 comprobandam
1436 607 1514 674 pro-

337 693 550 781 positionem
573 692 706 759 inserta
729 703 790 776 est,
824 692 918 780 quod
943 692 1096 759 Romani
1119 691 1307 779 imperium
1330 692 1424 759 orbis
1448 702 1515 759 ter-

338 821 457 867 ramm
490 799 615 867 virtuti
650 822 743 883 suae,
778 822 850 867 non
885 801 1049 867 fortunae
1083 801 1249 884 debeant;
1285 797 1389 867 initio
1417 797 1514 866 enim

338 904 584 995 descriptionis
607 907 695 973 haec
718 905 818 974 dicit:

446 1013 602 1099 γνώσεταί
630 1041 675 1086 τις
703 1016 760 1099 τὴν
782 1016 915 1100 τοσῆνδε
937 1018 1108 1100 ἡγεμονίαν
1131 1016 1249 1086 αὐτούς
1272 1017 1384 1102 ἀρετῆς
1406 1022 1515 1098 κτῆμα

339 1125 472 1206 ἔχοντας
498 1125 536 1188 ού
560 1123 669 1206 δῶρον
695 1123 830 1209 τύχηςῑ)
876 1123 1002 1209 Neque
1027 1120 1117 1188 mihi
1140 1121 1177 1187 in
1202 1119 1321 1187 animo
1345 1131 1399 1188 est
1421 1121 1515 1186 hanc

339 1231 502 1316 σύγκρισιν
518 1231 629 1316 ἀρετῆς
643 1231 697 1296 καί
712 1231 840 1317 τύχηςῖ)
864 1228 1073 1316 explicatius
1093 1226 1265 1315 persequi,
1289 1226 1389 1294 cuius
1406 1248 1515 1293 unam

338 1345 476 1424 partem
501 1333 667 1420 Polybius
691 1347 954 1402 commemorat:

446 1445 534 1510 VIII
561 1447 642 1525 28‚5.
685 1446 735 1510 ἵνα
767 1445 813 1528 μὴ
848 1446 946 1528 τύχην
980 1445 1122 1526 λέγοντες
1154 1445 1255 1527 μόνον
1286 1441 1517 1526 μακαρίζωμεν

338 1549 412 1620 τοὺς
444 1557 639 1631 κρατοῦντας
673 1552 799 1633 ἀλόγως
833 1553 981 1638 καθάπερ
1015 1553 1046 1616 οῖ
1074 1553 1201 1634 μάταιοι
1223 1557 1287 1616 τῶν
1310 1551 1516 1634 ἀνθρώπων,

340 1643 406 1719 ἀλλ’
439 1656 556 1734 εἰδότες
589 1656 646 1735 τὰς
679 1658 814 1740 ἀληθεῖς
848 1660 949 1728 αἰτίας
983 1659 1170 1741 ἑνιαινῶμεν
1205 1659 1259 1724 καί
1292 1655 1517 1741 θαυμάζωμεν

340 1761 424 1827 κατὰ
447 1763 543 1850 λόγον
565 1765 772 1850 ἡγουμένους,
796 1773 833 1829 et
855 1784 962 1849 quam
978 1761 1083 1830 Titus
1107 1762 1183 1850 ipse
1206 1773 1471 1830 commemorat:

448 1870 519 1936 VII
537 1871 565 1934 6.
601 1870 742 1954 φανερὸν
776 1873 987 1943 καθιστάντες
1021 1873 1068 1936 ὅτι
1089 1875 1171 1956 μήτε
1194 1873 1327 1955 πλῆθος
1349 1872 1518 1955 πολεμίων

341 1977 483 2042 δύναιντ’
509 1977 548 2040 άν
570 2001 650 2044 ποτε
673 1979 728 2061 τὴν
750 1967 920 2061 Ῥωμαίων
942 1979 1057 2063 ἀρετὴν
1081 1980 1250 2070 διαφυγεῖν
1272 1981 1333 2043 κᾶν
1356 1973 1403 2050 εἰς
1416 1977 1519 2043 πολλά

340 2108 424 2162 τινες
445 2084 501 2167 τὴν
523 2085 624 2168 τύχην
648 2087 807 2168 εὕρωνται
832 2089 1138 2176 συναγωνιζομένην,

449 2188 691 2274 praetermitto
715 2212 818 2278 porro
839 2189 934 2256 idem
948 2191 1169 2278 propositum
1186 2189 1396 2258 antithetieo
1411 2190 1517 2256 modo

346 2318 367 2360 a
389 2294 511 2360 multis
544 2295 772 2390 scriptoribus
796 2298 840 2362 de
863 2296 1016 2384 singulis
1039 2297 1124 2364 viris
1147 2296 1348 2365 adhibitum
1375 2298 1475 2365 velut
1499 2319 1520 2363 a

342 2399 468 2467 Tacito
489 2401 630 2488 saepius
651 2412 687 2470 et
703 2427 724 2469 a
740 2402 907 2470 Cicerone
931 2408 986 2470 De
1001 2403 1121 2492 imper.
1139 2405 1199 2471 Cn.
1218 2409 1312 2472 Pom.
1334 2411 1388 2472 1οε
1414 2405 1520 2470 initio

336 2509 520 2594 praeclara
536 2532 606 2574 τιονι
614 2511 794 2594 felicitati
807 2512 891 2586 eius,
916 2514 979 2578 sed
990 2513 1116 2577 vr'rtuti
1128 2513 1310 2578 tribuendo
1326 2535 1395 2578 esse
1410 2522 1446 2578 et
1462 2516 1518 2576 47:

343 2639 414 2682 non
447 2618 556 2682 solum
582 2624 726 2704 propter
757 2620 931 2694 virtutem,
966 2621 1030 2686 sed
1061 2621 1162 2686 είιανι
1182 2627 1325 2708 propter
1333 2622 1520 2706 fortunam

342 2725 505 2788 Maximo
541 2725 679 2810 saepius
717 2725 860 2812 imperio
898 2729 1062 2794 mundata
1100 2751 1183 2803 esse,
1223 2738 1259 2794 et
1292 2749 1356 2814 pro
1390 2723 1521 2790 Archia

342 2839 448 2916 poeta
472 2834 527 2895 24:
563 2837 679 2898 noster
708 2834 765 2899 bic
787 2837 953 2920 Magnus,
990 2837 1053 2922 qui
1079 2858 1154 2900 cum
1180 2836 1312 2900 virtute
1332 2834 1520 2916 fortunam

342 2937 553 3022 adaequavit.
600 2937 696 3007 Satis
718 2938 807 3027 mihi
824 2953 944 3008 autem
960 2952 1014 3008 est
1031 2938 1211 3007 Plutarchi
1228 2931 1521 3002 declamationem

348 3041 491 3128 quaein
508 3045 632 3111 eodem
655 3047 835 3135 proposito
852 3058 1013 3114 versatur
1028 3047 1153 3112 afferre
1169 3053 1204 3109 et
1221 3039 1316 3107 Flori
1333 3036 1520 3127 epitomen.

455 3150 632 3219 Plutarch.
655 3153 730 3236 περὶ
763 3163 822 3237 τῆς
843 3146 1010 3237 Ῥωμαίων
1043 3153 1143 3234 τύχης
1165 3153 1230 3214 316
1255 3147 1290 3214 C.
1325 3150 1359 3213 al
1381 3147 1523 3219 πολλοὺς

346 3258 499 3330 πολλάκις
531 3261 749 3342 ἠγωνισμέναι
775 3257 831 3325 καὶ
857 3261 1020 3344 μεγάλους
1054 3260 1182 3341 ἀγῶνας
1204 3245 1320 3340 Ἀρετὴ
1355 3253 1412 3322 καὶ
1437 3255 1521 3339 Τύχη

343 3365 425 3448 πρὸς
448 3365 584 3450 ἀλλήλας
605 3368 756 3450 μέγιστον
779 3365 983 3449 ἀγωνίζονται
1005 3365 1063 3431 τὸν
1084 3365 1236 3448 παρόντα,
1259 3362 1342 3448 περὶ
1366 3371 1424 3448 τῆς
1446 3353 1523 3427 Ῥω-

343 3474 448 3554 μαίων
486 3475 656 3557 ἡγεμονίας
694 3473 966 3556 διαδικαζόμεναι
1003 3474 1142 3559 ποτέρας
1176 3475 1303 3561 γέγονεν
1340 3473 1435 3556 ἔργον
1469 3471 1524 3535 καί

347 3582 472 3664 ποτέρα
494 3581 553 3664 τὴν
575 3581 774 3669 τηλικαύτην
798 3580 933 3662 δύναμιν
956 3581 1150 3670 γεγέννηκεν.

456 3782 480 3859 ¹)
503 3785 563 3840 huc
587 3798 711 3856 quoque
734 3781 887 3857 pertinent

450 3871 563 3932 11174.
598 3867 709 3932 ἕπεται
744 3866 779 3930 δὲ
814 3865 853 3931 τδ
891 3872 1018 3950 κρατεῖν
1046 3866 1094 3931 ἀεί
1116 3865 1196 3930 κατὰ
1231 3869 1296 3929 τῶν
1319 3864 1379 3946 ούχ
1402 3862 1525 3946 ὁμοίων

348 3955 481 4043 βέβαιον
503 3985 538 4010 ω
562 3958 686 4020 111106
711 3961 750 4017 de
774 3959 985 4035 descriptionis
1009 3959 1129 4036 epilogo
1154 3958 1192 4021 cf.
1211 3975 1301 4034 supra
1323 3976 1354 4032 p.
1373 3954 1423 4016 16.

455 4046 482 4131 ²)
507 4050 545 4112 cf.
562 4050 671 4126 Julian.
686 4049 700 4105 1
716 4048 758 4110 23
772 4049 808 4106 B.
843 4047 944 4120 δεῖξαι
965 4046 1022 4130 τὴν
1045 4045 1105 4128 σὴν
1129 4043 1246 4127 ἀρετὴν
1267 4041 1528 4127 περιγενομένην

348 4143 408 4221 τῆς
445 4137 576 4202 ἐκείνων
612 4136 709 4219 τύχης
746 4136 845 4220 φαίην
882 4138 922 4200 ἂν
950 4136 1081 4213 εἰκότως
1116 4146 1147 4194 et
1180 4137 1330 4195 Plutarch.
1363 4130 1434 4213 περὶ
1468 4134 1528 4211 τῆς

348 4223 563 4309 Ἀλεξάνδρου
585 4226 687 4313 τύχης
709 4228 729 4308 ἢ
753 4226 872 4308 ἀρετῆς.
1494 4237 1496 4241 ·
