3468 5128
711 427 931 490 ..55-

236 638 363 702 11157.
409 636 656 705 Οὐεσπασιανοῦ
676 640 829 721 ἡγεμονία
853 639 903 706 VI
921 642 994 704 435.
1029 639 1212 724 Σαμαρῖιαι
1236 639 1413 722 ἐχρήσαντο

239 745 388 808 111315.
433 733 584 810 Ἰουδαῖοι
607 745 701 828 ἐλαίῳ
725 744 761 809 II
779 748 852 811 591.

349 869 383 951 4)
407 877 490 934 ante
511 868 791 952 monosyllabas:
823 904 841 924 =

346 975 469 1042 πολλοῦ
494 975 550 1040 οὗν
566 976 620 1061 (cf.
634 975 727 1062 adn.)
745 978 795 1044 IV
813 979 864 1040 57.
902 979 1070 1059 τρέπονται
1086 976 1144 1044 οὖν
1160 979 1229 1044 VII
1248 981 1320 1042 212.
1365 1001 1414 1042 το-

239 1079 342 1166 σαύτη
359 1083 398 1166 ἦν
413 1082 467 1147 ΙΙΙ
485 1085 558 1148 246.

347 1210 377 1289 5)
400 1216 491 1293 post,
515 1233 555 1290 οι,
579 1233 615 1275 οι

344 1317 509 1382 τελευταῖοι
532 1317 662 1400 ἄπειρον
684 1317 720 1380 II
745 1318 817 1382 543.
866 1317 982 1382 δίκαιοι
1007 1311 1105 1382 ἱκέται
1134 1317 1166 1383 V
1191 1319 1263 1381 403.
1309 1319 1415 1399 μένιοι

237 1424 402 1506 ἀσφάλτου
427 1421 477 1491 IV
501 1427 574 1488 479.
621 1425 802 1507 ὑπέρκειται
829 1426 908 1508 αὐτῇ
936 1425 988 1492 IV
1004 1427 1077 1488 452.
1125 1425 1259 1506 γίνονται
1287 1424 1415 1507 ἀνδρῶν

238 1531 381 1598 171425.
427 1532 529 1596 καίτοι
556 1532 773 1598 ὀκτωκαίδεκα
797 1532 918 1598 11380.

347 1657 377 1738 6)
403 1664 486 1722 ante
509 1666 758 1743 augmentum:
1160 1727 1161 1731 ,

345 1767 456 1850 χώρου
480 1761 543 1833 ἔδει
567 1768 599 1835 V
619 1771 688 1832 198.
736 1773 871 1856 στρατιᾷ
894 1769 980 1850 ἔλεγε
1002 1769 1072 1834 VII
1091 1770 1118 1832 6.

347 1890 379 1977 7)
402 1894 536 1975 πρώτου
572 1888 663 1976 ἱεροῦ
698 1893 730 1958 V
755 1895 827 1956 238.
874 1898 989 1957 κοινοῦ
1013 1893 1098 1976 ίεροῦ
1134 1893 1186 1957 IV
1216 1894 1288 1954 311.
1335 1896 1414 1953 ναοῦ

239 1999 329 2070 ὄντος
355 2000 405 2065 IV
418 2002 490 2064 209.
537 1999 599 2082 ἤδη
624 2000 719 2090 ὄντος
735 2000 787 2065 IV
803 2001 875 2062 415.
922 1999 1020 2062 αὐτοῦ
1038 1999 1140 2062 ὀπίσω
1164 1997 1215 2064 VI
1233 1999 1305 2060 361.
1352 2020 1414 2078 φα-

238 2112 333 2188 νεροῦ
357 2107 424 2172 οἷον
448 2108 551 2170 1263.
597 2102 785 2189 παραβόλου
809 2103 1039 2188 ἀγωνίσασθαι
1062 2105 1132 2170 VII
1147 2106 1219 2168 212.

347 2214 504 2297 δαιμονίῳ
532 2214 618 2299 ὁρμῇ
644 2237 704 2277 τινι
725 2214 889 2299 χρώμενος
916 2214 967 2280 VI
987 2213 1051 2275 252
1080 2209 1154 2298 (sed
1178 2210 1218 2274 ci.
1243 2211 1328 2296 ὁρμῇ
1356 2234 1416 2275 τινι

241 2317 403 2402 δαιμονίῳ
434 2322 602 2406 χρώμενος
635 2320 686 2385 VI
700 2319 755 2406 59)
789 2321 930 2404 πολέμου
965 2307 1039 2386 οὔτε
1074 2327 1294 2400 (excusatum
1321 2315 1416 2402 quod

239 2425 347 2491 verbo
370 2428 512 2510 πολέμου
535 2427 734 2492 membrum
759 2424 993 2507 concluditur)
1017 2427 1080 2492 18.

349 2553 382 2630 8)
404 2549 473 2615 loci
496 2549 651 2636 suspecti
676 2561 711 2616 et
735 2550 901 2636 corrupti:

348 2663 429 2719 ναοῦ
453 2655 672 2736 ἀπολουμένου
696 2647 819 2738 οἷμείνιο
843 2659 877 2722 V
893 2659 957 2719 458
983 2655 1037 2740 (ci.
1055 2655 1146 2741 adn.)
1163 2653 1327 2738 σύμμαχοι
1343 2653 1416 2721 ἔκδ-

242 2783 356 2843 πησαν
372 2762 387 2823 1
403 2763 452 2824 21.
478 2761 643 2846 φειδέσθω
660 2757 846 2848 ὀλοφυρμδς
862 2763 965 2825 1635.
994 2763 1134 2826 καλεῖται
1150 2763 1279 2844 ἀνδρῶν
1294 2763 1329 2824 ΙΙ
1343 2764 1416 2826 503.

198 2916 199 2919 ¹
325 2947 334 2970 φ
351 2887 476 2970 Neque
498 2883 618 2949 minus
642 2883 808 2970 ponderis
831 2883 933 2950 hiatu
950 2884 1059 2950 habet
1080 2907 1120 2951 ac
1135 2883 1307 2951 momenti
1323 2884 1418 2970 apud

241 3003 379 3060 veteres
403 2991 589 3079 scriptores

607 3191 806 3259 verborum
831 3190 1042 3297 collocallo

244 3331 344 3399 cuius
367 3331 553 3399 insolentis
577 3343 612 3398 et
636 3334 680 3400 ab
704 3355 772 3399 usu
796 3331 975 3398 communi
992 3329 1214 3398 abhorrentis
1230 3339 1266 3396 et
1282 3328 1418 3396 alienae

244 3461 366 3506 omnes
398 3463 522 3506 causas
554 3451 595 3506 ut
628 3438 771 3529 penitus
796 3437 996 3527 percipiam,
1031 3448 1067 3504 et
1101 3437 1295 3519 ostendam,
1331 3457 1418 3522 quas

243 3546 373 3613 formas
398 3545 645 3630 observaverit,
668 3545 746 3612 fieri
769 3568 873 3632 posse
895 3567 968 3611 non
992 3543 1147 3627 arbitror,
1171 3541 1254 3629 quia
1278 3541 1418 3628 saepius

245 3654 329 3720 ordo
364 3656 552 3721 verborum
588 3653 797 3720 immutatur
832 3675 939 3739 quam
971 3662 1013 3718 ut
1048 3649 1151 3716 certis
1174 3648 1314 3735 legibus
1339 3671 1419 3715 con-

245 3759 480 3848 stringantur;
515 3770 672 3827 attamen
708 3782 752 3826 ex
779 3757 949 3844 exemplis
973 3756 1199 3843 cognoscitur
1220 3756 1419 3843 Josephum

244 3865 280 3932 id
304 3867 529 3956 potissimum
553 3866 669 3954 egisse
692 3878 733 3934 ut
756 3866 928 3934 vocabula
952 3874 1079 3930 natura
1103 3861 1291 3930 coniuncta
1314 3863 1420 3930 inter-

244 3975 369 4061 positis
404 3974 586 4043 vocabulis
621 3983 806 4060 separaret,
842 3983 904 4039 aut
936 3971 1037 4038 hiatu
1072 3971 1246 4037 adductus
1270 3981 1333 4037 aut
1355 3992 1419 4036 nu-

244 4104 342 4148 mero
371 4084 524 4170 quodam
559 4092 622 4149 aut
650 4079 768 4148 studio
794 4080 937 4166 singula
964 4079 1071 4145 verba
1096 4077 1282 4161 efferendi3·
1312 4098 1419 4163 quam

245 4201 446 4276 corruptam
484 4200 520 4256 et
557 4210 757 4276 perversam
795 4188 983 4254 verborum
1022 4184 1288 4252 collocationem
1323 4182 1418 4270 apud

245 4293 333 4364 alios
366 4319 506 4384 quoque
545 4295 672 4364 aetatis
710 4293 896 4380 scriptores
927 4315 1144 4380 magnopere
1182 4289 1344 4372 valuisse,
1383 4298 1420 4354 et
