<?xml version="1.0" encoding="UTF-8"?>
<!DOCTYPE html PUBLIC "-//W3C//DTD XHTML 1.0 Transitional//EN"
    "http://www.w3.org/TR/xhtml1/DTD/xhtml1-transitional.dtd">
<html xmlns="http://www.w3.org/1999/xhtml" xml:lang="en" lang="en">
 <head>
  <title>
</title>
<meta http-equiv="Content-Type" content="text/html;charset=utf-8" />
  <meta name='ocr-system' content='tesseract 3.04.00' />
  <meta name='ocr-capabilities' content='ocr_page ocr_carea ocr_par ocr_line ocrx_word'/>
</head>
<body>
  <div class='ocr_page' id='page_1' title='image "./deflaviiiosephi00wolfgoog_0052.png"; bbox 0 0 3468 5128; ppageno 0'>
   <div class='ocr_carea' id='block_1_1' title="bbox 688 389 909 450">
    <p class='ocr_par' dir='ltr' id='par_1_1' title="bbox 688 389 909 450">
     <span class='ocr_line' id='line_1_1' title="bbox 688 389 909 450; baseline -0.009 -16"><span class='ocrx_word' id='word_1_1' title='bbox 688 389 909 450; x_wconf 60' lang='grc'><strong>-.43-</strong></span> 
     </span>
    </p>
   </div>
   <div class='ocr_carea' id='block_1_2' title="bbox 209 593 1388 1306">
    <p class='ocr_par' dir='ltr' id='par_1_2' title="bbox 209 593 1388 898">
     <span class='ocr_line' id='line_1_2' title="bbox 317 593 1388 686; baseline 0.003 -25"><span class='ocrx_word' id='word_1_2' title='bbox 317 597 369 664; x_wconf 93' lang='lat' dir='ltr'>IV</span> <span class='ocrx_word' id='word_1_3' title='bbox 385 600 561 662; x_wconf 85' lang='lat'><strong>592-600</strong></span> <span class='ocrx_word' id='word_1_4' title='bbox 586 600 788 686; x_wconf 82' lang='grc' dir='ltr'><em>σωφροσύνη,</em></span> <span class='ocrx_word' id='word_1_5' title='bbox 823 599 892 664; x_wconf 76' lang='grc' dir='ltr'><em>ἀντὶ</em></span> <span class='ocrx_word' id='word_1_6' title='bbox 924 599 1077 664; x_wconf 83' lang='grc' dir='ltr'><em>ᾶπαίδων</em></span> <span class='ocrx_word' id='word_1_7' title='bbox 1098 599 1208 684; x_wconf 84' lang='grc' dir='ltr'><em>πατήρ,</em></span> <span class='ocrx_word' id='word_1_8' title='bbox 1242 593 1307 663; x_wconf 73' lang='grc' dir='ltr'><em>εἴτε</em></span> <span class='ocrx_word' id='word_1_9' title='bbox 1329 598 1388 664; x_wconf 84' lang='grc' dir='ltr'>οὖν</span> 
     </span>
     <span class='ocr_line' id='line_1_3' title="bbox 210 701 1388 793; baseline 0.001 -23"><span class='ocrx_word' id='word_1_10' title='bbox 210 702 365 788; x_wconf 78' lang='grc' dir='ltr'><strong><em>ἐμπειρίᾳ</em></strong></span> <span class='ocrx_word' id='word_1_11' title='bbox 388 707 497 788; x_wconf 81' lang='grc' dir='ltr'><em>γήρως</em></span> <span class='ocrx_word' id='word_1_12' title='bbox 506 705 530 790; x_wconf 91' lang='lat'>¹)</span> <span class='ocrx_word' id='word_1_13' title='bbox 553 708 703 792; x_wconf 82' lang='grc' dir='ltr'><em>προσήκει</em></span> <span class='ocrx_word' id='word_1_14' title='bbox 725 707 761 770; x_wconf 84' lang='grc' dir='ltr'>τὸ</span> <span class='ocrx_word' id='word_1_15' title='bbox 784 708 898 793; x_wconf 82' lang='grc' dir='ltr'><em>ἄρχειν,</em></span> <span class='ocrx_word' id='word_1_16' title='bbox 926 705 1170 792; x_wconf 77' lang='grc' dir='ltr'><strong><em>Οὐεσπασιανῷ,</em></strong></span> <span class='ocrx_word' id='word_1_17' title='bbox 1193 701 1257 771; x_wconf 79' lang='grc' dir='ltr'><em>εἴτε</em></span> <span class='ocrx_word' id='word_1_18' title='bbox 1279 706 1388 790; x_wconf 81' lang='grc' dir='ltr'><em>νεότη-</em></span> 
     </span>
     <span class='ocr_line' id='line_1_4' title="bbox 209 809 650 898; baseline 0.005 -22"><span class='ocrx_word' id='word_1_19' title='bbox 209 834 265 882; x_wconf 89' lang='grc' dir='ltr'>τος</span> <span class='ocrx_word' id='word_1_20' title='bbox 288 812 369 895; x_wconf 80' lang='grc' dir='ltr'><em>ἀλκῇ</em></span> <span class='ocrx_word' id='word_1_21' title='bbox 395 812 475 895; x_wconf 82' lang='grc' dir='ltr'><em>Τίτῳ</em></span> <span class='ocrx_word' id='word_1_22' title='bbox 497 809 650 898; x_wconf 91' lang='lat' dir='ltr'>denique</span> 
     </span>
    </p>

    <p class='ocr_par' dir='ltr' id='par_1_3' title="bbox 316 916 1118 1006">
     <span class='ocr_line' id='line_1_5' title="bbox 316 916 1118 1006; baseline 0 -22"><span class='ocrx_word' id='word_1_23' title='bbox 316 919 455 984; x_wconf 85' lang='lat' dir='ltr'>V1165.</span> <span class='ocrx_word' id='word_1_24' title='bbox 491 917 546 1004; x_wconf 87' lang='grc'>(66</span> <span class='ocrx_word' id='word_1_25' title='bbox 571 920 589 983; x_wconf 85' lang='grc' dir='ltr'>ὁ</span> <span class='ocrx_word' id='word_1_26' title='bbox 614 920 716 1004; x_wconf 83' lang='grc' dir='ltr'><em>δῆμος</em></span> <span class='ocrx_word' id='word_1_27' title='bbox 740 923 781 984; x_wconf 90' lang='grc'>67</span> <span class='ocrx_word' id='word_1_28' title='bbox 804 920 843 984; x_wconf 86' lang='grc' dir='ltr'>τὸ</span> <span class='ocrx_word' id='word_1_29' title='bbox 868 916 1118 1006; x_wconf 85' lang='grc' dir='ltr'><em>στρατιωτικόν.)</em></span> 
     </span>
    </p>

    <p class='ocr_par' dir='ltr' id='par_1_4' title="bbox 209 1024 1387 1306">
     <span class='ocr_line' id='line_1_6' title="bbox 317 1024 1387 1112; baseline -0.001 -20"><span class='ocrx_word' id='word_1_30' title='bbox 317 1024 349 1092; x_wconf 85' lang='grc' dir='ltr'><em>Ε</em></span> <span class='ocrx_word' id='word_1_31' title='bbox 377 1045 525 1090; x_wconf 89' lang='lat' dir='ltr'>numero</span> <span class='ocrx_word' id='word_1_32' title='bbox 558 1034 679 1091; x_wconf 91' lang='lat' dir='ltr'>autem</span> <span class='ocrx_word' id='word_1_33' title='bbox 706 1024 921 1112; x_wconf 90' lang='lat' dir='ltr'>reliquorum</span> <span class='ocrx_word' id='word_1_34' title='bbox 949 1025 1080 1091; x_wconf 90' lang='lat' dir='ltr'>ducum</span> <span class='ocrx_word' id='word_1_35' title='bbox 1109 1025 1198 1091; x_wconf 90' lang='lat' dir='ltr'>duos</span> <span class='ocrx_word' id='word_1_36' title='bbox 1223 1034 1387 1091; x_wconf 88' lang='lat' dir='ltr'>accurata</span> 
     </span>
     <span class='ocr_line' id='line_1_7' title="bbox 209 1129 1386 1218; baseline 0.003 -22"><span class='ocrx_word' id='word_1_37' title='bbox 209 1129 445 1218; x_wconf 86' lang='lat' dir='ltr'>descriptione</span> <span class='ocrx_word' id='word_1_38' title='bbox 477 1130 607 1218; x_wconf 87' lang='lat' dir='ltr'>dignos</span> <span class='ocrx_word' id='word_1_39' title='bbox 640 1130 832 1216; x_wconf 87' lang='lat' dir='ltr'>existimat,</span> <span class='ocrx_word' id='word_1_40' title='bbox 866 1133 1059 1217; x_wconf 80' lang='lat' dir='ltr'>Herodem,</span> <span class='ocrx_word' id='word_1_41' title='bbox 1088 1153 1193 1218; x_wconf 89' lang='lat' dir='ltr'>quem</span> <span class='ocrx_word' id='word_1_42' title='bbox 1221 1130 1386 1216; x_wconf 81' lang='grc' dir='ltr'><em>έχκωμίου</em></span> 
     </span>
     <span class='ocr_line' id='line_1_8' title="bbox 211 1235 1387 1306; baseline 0 -2"><span class='ocrx_word' id='word_1_43' title='bbox 211 1239 317 1304; x_wconf 89' lang='lat' dir='ltr'>modo</span> <span class='ocrx_word' id='word_1_44' title='bbox 357 1235 497 1305; x_wconf 92' lang='lat' dir='ltr'>Nicolai</span> <span class='ocrx_word' id='word_1_45' title='bbox 530 1239 743 1305; x_wconf 88' lang='lat' dir='ltr'>Damasceni</span> <span class='ocrx_word' id='word_1_46' title='bbox 774 1237 872 1306; x_wconf 91' lang='lat' dir='ltr'>libris</span> <span class='ocrx_word' id='word_1_47' title='bbox 905 1237 1074 1306; x_wconf 87' lang='lat' dir='ltr'>adhibitis</span> <span class='ocrx_word' id='word_1_48' title='bbox 1105 1260 1186 1305; x_wconf 93' lang='lat' dir='ltr'>eum</span> <span class='ocrx_word' id='word_1_49' title='bbox 1219 1248 1387 1306; x_wconf 84' lang='lat' dir='ltr'>tractasse</span> 
     </span>
    </p>
   </div>
   <div class='ocr_carea' id='block_1_3' title="bbox 210 1343 1387 1647">
    <p class='ocr_par' dir='ltr' id='par_1_5' title="bbox 210 1343 1387 1647">
     <span class='ocr_line' id='line_1_9' title="bbox 210 1343 1387 1431; baseline 0.001 -22"><span class='ocrx_word' id='word_1_50' title='bbox 210 1343 385 1410; x_wconf 91' lang='lat' dir='ltr'>Destinon</span> <span class='ocrx_word' id='word_1_51' title='bbox 397 1345 420 1431; x_wconf 83' lang='lat'>²)</span> <span class='ocrx_word' id='word_1_52' title='bbox 445 1353 539 1411; x_wconf 87' lang='lat' dir='ltr'>recte</span> <span class='ocrx_word' id='word_1_53' title='bbox 555 1343 819 1430; x_wconf 90' lang='lat' dir='ltr'>demonstravit,</span> <span class='ocrx_word' id='word_1_54' title='bbox 843 1356 879 1412; x_wconf 89' lang='lat' dir='ltr'>et</span> <span class='ocrx_word' id='word_1_55' title='bbox 893 1345 1096 1430; x_wconf 89' lang='lat' dir='ltr'>Johannem</span> <span class='ocrx_word' id='word_1_56' title='bbox 1117 1343 1387 1412; x_wconf 85' lang='lat' dir='ltr'>Gischalensem</span> 
     </span>
     <span class='ocr_line' id='line_1_10' title="bbox 210 1447 1386 1539; baseline 0.001 -24"><span class='ocrx_word' id='word_1_57' title='bbox 210 1447 402 1534; x_wconf 90' lang='lat' dir='ltr'>inimicum,</span> <span class='ocrx_word' id='word_1_58' title='bbox 430 1473 535 1538; x_wconf 91' lang='lat' dir='ltr'>quem</span> <span class='ocrx_word' id='word_1_59' title='bbox 564 1463 605 1518; x_wconf 93' lang='lat' dir='ltr'>ut</span> <span class='ocrx_word' id='word_1_60' title='bbox 631 1463 797 1519; x_wconf 89' lang='lat' dir='ltr'>naturam</span> <span class='ocrx_word' id='word_1_61' title='bbox 825 1462 862 1519; x_wconf 93' lang='lat' dir='ltr'>et</span> <span class='ocrx_word' id='word_1_62' title='bbox 888 1450 1083 1538; x_wconf 89' lang='lat' dir='ltr'>imaginem</span> <span class='ocrx_word' id='word_1_63' title='bbox 1107 1474 1213 1539; x_wconf 87' lang='lat' dir='ltr'>quam</span> <span class='ocrx_word' id='word_1_64' title='bbox 1237 1449 1386 1538; x_wconf 88' lang='lat' dir='ltr'>diligen-</span> 
     </span>
     <span class='ocr_line' id='line_1_11' title="bbox 211 1555 1387 1647; baseline 0.002 -25"><span class='ocrx_word' id='word_1_65' title='bbox 211 1555 346 1624; x_wconf 86' lang='lat' dir='ltr'>tissime</span> <span class='ocrx_word' id='word_1_66' title='bbox 374 1557 547 1646; x_wconf 87' lang='lat' dir='ltr'>depingat</span> <span class='ocrx_word' id='word_1_67' title='bbox 576 1569 612 1626; x_wconf 91' lang='lat' dir='ltr'>et</span> <span class='ocrx_word' id='word_1_68' title='bbox 640 1558 816 1647; x_wconf 85' lang='lat' dir='ltr'>exprimat</span> <span class='ocrx_word' id='word_1_69' title='bbox 840 1557 1028 1626; x_wconf 88' lang='lat' dir='ltr'>cumulatis</span> <span class='ocrx_word' id='word_1_70' title='bbox 1052 1569 1088 1626; x_wconf 89' lang='lat' dir='ltr'>et</span> <span class='ocrx_word' id='word_1_71' title='bbox 1111 1558 1254 1626; x_wconf 88' lang='lat' dir='ltr'>assertis</span> <span class='ocrx_word' id='word_1_72' title='bbox 1277 1580 1387 1625; x_wconf 88' lang='lat' dir='ltr'>enun-</span> 
     </span>
    </p>
   </div>
   <div class='ocr_carea' id='block_1_4' title="bbox 209 1661 1386 1860">
    <p class='ocr_par' dir='ltr' id='par_1_6' title="bbox 209 1661 1386 1860">
     <span class='ocr_line' id='line_1_12' title="bbox 209 1661 1386 1754; baseline 0.001 -24"><span class='ocrx_word' id='word_1_73' title='bbox 209 1661 306 1730; x_wconf 90' lang='lat' dir='ltr'>tiatis</span> <span class='ocrx_word' id='word_1_74' title='bbox 338 1687 410 1732; x_wconf 90' lang='lat' dir='ltr'>non</span> <span class='ocrx_word' id='word_1_75' title='bbox 444 1664 587 1753; x_wconf 87' lang='lat' dir='ltr'>obliqua</span> <span class='ocrx_word' id='word_1_76' title='bbox 620 1665 778 1732; x_wconf 90' lang='lat' dir='ltr'>oratione</span> <span class='ocrx_word' id='word_1_77' title='bbox 811 1665 1030 1754; x_wconf 87' lang='lat' dir='ltr'>aliorumque</span> <span class='ocrx_word' id='word_1_78' title='bbox 1059 1688 1174 1753; x_wconf 88' lang='lat' dir='ltr'>opera,</span> <span class='ocrx_word' id='word_1_79' title='bbox 1202 1667 1264 1732; x_wconf 91' lang='lat' dir='ltr'>sed</span> <span class='ocrx_word' id='word_1_80' title='bbox 1291 1676 1386 1732; x_wconf 88' lang='lat' dir='ltr'>recta</span> 
     </span>
     <span class='ocr_line' id='line_1_13' title="bbox 210 1768 1180 1860; baseline 0.002 -24"><span class='ocrx_word' id='word_1_81' title='bbox 210 1768 286 1858; x_wconf 92' lang='lat' dir='ltr'>ipse</span> <span class='ocrx_word' id='word_1_82' title='bbox 310 1770 485 1840; x_wconf 85' lang='lat' dir='ltr'>describit.</span> <span class='ocrx_word' id='word_1_83' title='bbox 534 1773 605 1859; x_wconf 85' lang='lat' dir='ltr'>(IV,</span> <span class='ocrx_word' id='word_1_84' title='bbox 630 1777 672 1838; x_wconf 89' lang='grc'>85</span> <span class='ocrx_word' id='word_1_85' title='bbox 696 1805 730 1828; x_wconf 67' lang='grc' dir='ltr'><em>ω</em></span> <span class='ocrx_word' id='word_1_86' title='bbox 755 1776 814 1857; x_wconf 92' lang='lat' dir='ltr'>IV,</span> <span class='ocrx_word' id='word_1_87' title='bbox 840 1779 903 1839; x_wconf 91' lang='grc'>208</span> <span class='ocrx_word' id='word_1_88' title='bbox 928 1805 963 1828; x_wconf 68' lang='grc' dir='ltr'><em>ω</em></span> <span class='ocrx_word' id='word_1_89' title='bbox 987 1777 1032 1855; x_wconf 93' lang='lat' dir='ltr'>II,</span> <span class='ocrx_word' id='word_1_90' title='bbox 1056 1773 1180 1860; x_wconf 87' lang='grc'><strong>58517.)</strong></span> 
     </span>
    </p>
   </div>
   <div class='ocr_carea' id='block_1_5' title="bbox 207 1877 1386 3652">
    <p class='ocr_par' dir='ltr' id='par_1_7' title="bbox 208 1877 1386 2264">
     <span class='ocr_line' id='line_1_14' title="bbox 317 1877 1386 1948; baseline 0 -4"><span class='ocrx_word' id='word_1_91' title='bbox 317 1877 450 1944; x_wconf 88' lang='lat' dir='ltr'>Ceteris</span> <span class='ocrx_word' id='word_1_92' title='bbox 484 1889 604 1945; x_wconf 90' lang='lat' dir='ltr'>autem</span> <span class='ocrx_word' id='word_1_93' title='bbox 627 1879 664 1945; x_wconf 93' lang='lat' dir='ltr'>in</span> <span class='ocrx_word' id='word_1_94' title='bbox 689 1879 927 1946; x_wconf 89' lang='lat' dir='ltr'>describendis</span> <span class='ocrx_word' id='word_1_95' title='bbox 950 1879 1036 1948; x_wconf 90' lang='lat' dir='ltr'>viris</span> <span class='ocrx_word' id='word_1_96' title='bbox 1060 1891 1095 1945; x_wconf 90' lang='lat' dir='ltr'>et</span> <span class='ocrx_word' id='word_1_97' title='bbox 1117 1877 1259 1944; x_wconf 84' lang='lat' dir='ltr'>feminis</span> <span class='ocrx_word' id='word_1_98' title='bbox 1283 1877 1386 1945; x_wconf 91' lang='lat' dir='ltr'>certis</span> 
     </span>
     <span class='ocr_line' id='line_1_15' title="bbox 208 1982 1385 2073; baseline 0.002 -25"><span class='ocrx_word' id='word_1_99' title='bbox 208 1982 322 2051; x_wconf 86' lang='lat' dir='ltr'>utitur</span> <span class='ocrx_word' id='word_1_100' title='bbox 344 1984 513 2069; x_wconf 83' lang='lat' dir='ltr'>formulis,</span> <span class='ocrx_word' id='word_1_101' title='bbox 537 1985 665 2072; x_wconf 90' lang='lat' dir='ltr'>quibus</span> <span class='ocrx_word' id='word_1_102' title='bbox 688 1986 846 2073; x_wconf 91' lang='lat' dir='ltr'>repetitis</span> <span class='ocrx_word' id='word_1_103' title='bbox 869 1987 1086 2073; x_wconf 89' lang='lat' dir='ltr'>paulumque</span> <span class='ocrx_word' id='word_1_104' title='bbox 1109 1983 1254 2052; x_wconf 87' lang='lat' dir='ltr'>variatis</span> <span class='ocrx_word' id='word_1_105' title='bbox 1270 2006 1385 2071; x_wconf 90' lang='lat' dir='ltr'>neque</span> 
     </span>
     <span class='ocr_line' id='line_1_16' title="bbox 209 2089 1385 2182; baseline 0.001 -27"><span class='ocrx_word' id='word_1_106' title='bbox 209 2089 347 2176; x_wconf 87' lang='lat' dir='ltr'>quaerit</span> <span class='ocrx_word' id='word_1_107' title='bbox 380 2113 496 2178; x_wconf 91' lang='lat' dir='ltr'>neque</span> <span class='ocrx_word' id='word_1_108' title='bbox 530 2091 719 2179; x_wconf 79' lang='lat' dir='ltr'>significat,</span> <span class='ocrx_word' id='word_1_109' title='bbox 753 2092 837 2181; x_wconf 92' lang='lat' dir='ltr'>quid</span> <span class='ocrx_word' id='word_1_110' title='bbox 872 2091 1053 2182; x_wconf 91' lang='lat' dir='ltr'>proprium</span> <span class='ocrx_word' id='word_1_111' title='bbox 1086 2092 1133 2158; x_wconf 92' lang='lat' dir='ltr'>sit</span> <span class='ocrx_word' id='word_1_112' title='bbox 1160 2091 1385 2178; x_wconf 88' lang='lat' dir='ltr'>singulorum</span> 
     </span>
     <span class='ocr_line' id='line_1_17' title="bbox 209 2196 410 2264; baseline 0.01 -2"><span class='ocrx_word' id='word_1_113' title='bbox 209 2196 410 2264; x_wconf 90' lang='lat' dir='ltr'>hominum:</span> 
     </span>
    </p>

    <p class='ocr_par' dir='ltr' id='par_1_8' title="bbox 208 2297 1386 2502">
     <span class='ocr_line' id='line_1_18' title="bbox 316 2297 1386 2397; baseline 0.004 -28"><span class='ocrx_word' id='word_1_114' title='bbox 316 2307 332 2369; x_wconf 91' lang='grc' dir='ltr'>Ι</span> <span class='ocrx_word' id='word_1_115' title='bbox 351 2309 420 2372; x_wconf 98' lang='grc'><strong>123.</strong></span> <span class='ocrx_word' id='word_1_116' title='bbox 443 2299 646 2392; x_wconf 78' lang='grc' dir='ltr'><em>Ἀντίπατρος</em></span> <span class='ocrx_word' id='word_1_117' title='bbox 657 2311 748 2396; x_wconf 85' lang='grc' dir='ltr'><em>χένος</em></span> <span class='ocrx_word' id='word_1_118' title='bbox 758 2309 798 2393; x_wconf 80' lang='grc' dir='ltr'>ἦν</span> <span class='ocrx_word' id='word_1_119' title='bbox 809 2297 985 2392; x_wconf 79' lang='grc' dir='ltr'><em>Ἰδουμαῖος</em></span> <span class='ocrx_word' id='word_1_120' title='bbox 995 2309 1162 2397; x_wconf 73' lang='grc' dir='ltr'><em>προγόνων</em></span> <span class='ocrx_word' id='word_1_121' title='bbox 1177 2333 1212 2373; x_wconf 88' lang='grc' dir='ltr'>τε</span> <span class='ocrx_word' id='word_1_122' title='bbox 1228 2310 1318 2373; x_wconf 77' lang='grc' dir='ltr'><em>ἕνυλα</em></span> <span class='ocrx_word' id='word_1_123' title='bbox 1333 2311 1386 2374; x_wconf 82' lang='grc' dir='ltr'>καὶ</span> 
     </span>
     <span class='ocr_line' id='line_1_19' title="bbox 208 2412 1382 2502; baseline 0.004 -27"><span class='ocrx_word' id='word_1_124' title='bbox 208 2412 350 2478; x_wconf 87' lang='grc' dir='ltr'><em>πλούτου</em></span> <span class='ocrx_word' id='word_1_125' title='bbox 373 2414 427 2479; x_wconf 79' lang='grc' dir='ltr'>καὶ</span> <span class='ocrx_word' id='word_1_126' title='bbox 449 2422 505 2498; x_wconf 85' lang='grc' dir='ltr'>τῆς</span> <span class='ocrx_word' id='word_1_127' title='bbox 528 2416 627 2499; x_wconf 82' lang='grc' dir='ltr'><em>ἄλλης</em></span> <span class='ocrx_word' id='word_1_128' title='bbox 650 2417 761 2500; x_wconf 87' lang='grc' dir='ltr'><em>ἰσχύος</em></span> <span class='ocrx_word' id='word_1_129' title='bbox 783 2417 956 2502; x_wconf 81' lang='grc' dir='ltr'><em>πρωτεύων</em></span> <span class='ocrx_word' id='word_1_130' title='bbox 978 2422 1033 2480; x_wconf 84' lang='grc' dir='ltr'>τοῦ</span> <span class='ocrx_word' id='word_1_131' title='bbox 1057 2417 1175 2494; x_wconf 74' lang='grc' dir='ltr'><em>ἔθνους</em></span> <span class='ocrx_word' id='word_1_132' title='bbox 1190 2445 1225 2468; x_wconf 67' lang='grc' dir='ltr'><strong>Ν</strong></span> <span class='ocrx_word' id='word_1_133' title='bbox 1241 2417 1292 2482; x_wconf 89' lang='lat' dir='ltr'>VI</span> <span class='ocrx_word' id='word_1_134' title='bbox 1310 2418 1382 2480; x_wconf 83' lang='lat'>201.</span> 
     </span>
    </p>

    <p class='ocr_par' dir='ltr' id='par_1_9' title="bbox 208 2513 1386 2690">
     <span class='ocr_line' id='line_1_20' title="bbox 316 2513 1386 2610; baseline 0.003 -26"><span class='ocrx_word' id='word_1_135' title='bbox 316 2521 400 2586; x_wconf 87' lang='lat'>185.</span> <span class='ocrx_word' id='word_1_136' title='bbox 436 2513 647 2605; x_wconf 77' lang='grc' dir='ltr'><em>Ἀλέξανδρος</em></span> <span class='ocrx_word' id='word_1_137' title='bbox 679 2513 758 2589; x_wconf 74' lang='grc' dir='ltr'><em>καθ’</em></span> <span class='ocrx_word' id='word_1_138' title='bbox 782 2525 906 2606; x_wconf 77' lang='grc' dir='ltr'><em>ἡλικίαν</em></span> <span class='ocrx_word' id='word_1_139' title='bbox 940 2523 994 2589; x_wconf 84' lang='grc' dir='ltr'>κοιλ</span> <span class='ocrx_word' id='word_1_140' title='bbox 1019 2524 1195 2610; x_wconf 78' lang='grc' dir='ltr'><strong><em>μετριότητι</em></strong></span> <span class='ocrx_word' id='word_1_141' title='bbox 1230 2525 1386 2606; x_wconf 81' lang='grc' dir='ltr'>προέχειν</span> 
     </span>
     <span class='ocr_line' id='line_1_21' title="bbox 208 2625 323 2690; baseline 0 0"><span class='ocrx_word' id='word_1_142' title='bbox 208 2625 323 2690; x_wconf 82' lang='grc' dir='ltr'><em>δοκῶν.</em></span> 
     </span>
    </p>

    <p class='ocr_par' dir='ltr' id='par_1_10' title="bbox 315 2721 1316 2819">
     <span class='ocr_line' id='line_1_22' title="bbox 315 2721 1316 2819; baseline 0.005 -24"><span class='ocrx_word' id='word_1_143' title='bbox 315 2733 423 2798; x_wconf 85' lang='lat'>1120.</span> <span class='ocrx_word' id='word_1_144' title='bbox 459 2721 699 2818; x_wconf 77' lang='grc' dir='ltr'><em>Ἀριστόβουλος</em></span> <span class='ocrx_word' id='word_1_145' title='bbox 722 2737 855 2819; x_wconf 79' lang='grc' dir='ltr'>δυνάμει</span> <span class='ocrx_word' id='word_1_146' title='bbox 878 2735 935 2801; x_wconf 88' lang='grc' dir='ltr'>καὶ</span> <span class='ocrx_word' id='word_1_147' title='bbox 958 2738 1137 2819; x_wconf 82' lang='grc' dir='ltr'><em>φρονήματι</em></span> <span class='ocrx_word' id='word_1_148' title='bbox 1159 2737 1316 2819; x_wconf 84' lang='grc' dir='ltr'><em>προέχων.</em></span> 
     </span>
    </p>

    <p class='ocr_par' dir='ltr' id='par_1_11' title="bbox 207 2841 1384 3038">
     <span class='ocr_line' id='line_1_23' title="bbox 314 2841 1384 2929; baseline 0.003 -26"><span class='ocrx_word' id='word_1_149' title='bbox 314 2841 443 2906; x_wconf 85' lang='lat'>11476.</span> <span class='ocrx_word' id='word_1_150' title='bbox 478 2841 568 2920; x_wconf 83' lang='grc' dir='ltr'><em>ἄξιος</em></span> <span class='ocrx_word' id='word_1_151' title='bbox 591 2843 679 2907; x_wconf 80' lang='grc' dir='ltr'><em>ἐλέου</em></span> <span class='ocrx_word' id='word_1_152' title='bbox 703 2843 761 2908; x_wconf 87' lang='grc' dir='ltr'>διὰ</span> <span class='ocrx_word' id='word_1_153' title='bbox 784 2845 933 2926; x_wconf 86' lang='grc' dir='ltr'><em>σώματος</em></span> <span class='ocrx_word' id='word_1_154' title='bbox 956 2843 1058 2926; x_wconf 82' lang='grc' dir='ltr'><em>ἀλκὴν</em></span> <span class='ocrx_word' id='word_1_155' title='bbox 1080 2841 1135 2907; x_wconf 82' lang='grc' dir='ltr'>καὶ</span> <span class='ocrx_word' id='word_1_156' title='bbox 1154 2850 1264 2929; x_wconf 82' lang='grc' dir='ltr'><em>ψυχῆς</em></span> <span class='ocrx_word' id='word_1_157' title='bbox 1278 2845 1384 2926; x_wconf 83' lang='grc' dir='ltr'><em>παρά-</em></span> 
     </span>
     <span class='ocr_line' id='line_1_24' title="bbox 207 2950 1383 3038; baseline 0.005 -28"><span class='ocrx_word' id='word_1_158' title='bbox 207 2971 310 3031; x_wconf 89' lang='grc' dir='ltr'><em>στημα</em></span> <span class='ocrx_word' id='word_1_159' title='bbox 334 2950 399 3013; x_wconf 91' lang='grc'>469</span> <span class='ocrx_word' id='word_1_160' title='bbox 424 2950 483 3014; x_wconf 83' lang='grc' dir='ltr'>οὐκ</span> <span class='ocrx_word' id='word_1_161' title='bbox 507 2951 634 3038; x_wconf 84' lang='grc' dir='ltr'><em>ἄσημος</em></span> <span class='ocrx_word' id='word_1_162' title='bbox 657 2952 750 3038; x_wconf 83' lang='grc' dir='ltr'><em>ῥώμη</em></span> <span class='ocrx_word' id='word_1_163' title='bbox 775 2951 809 3016; x_wconf 85' lang='grc' dir='ltr'>δὲ</span> <span class='ocrx_word' id='word_1_164' title='bbox 832 2953 985 3032; x_wconf 88' lang='grc' dir='ltr'><em>σώματος</em></span> <span class='ocrx_word' id='word_1_165' title='bbox 1006 2950 1059 3014; x_wconf 81' lang='grc' dir='ltr'>καὶ</span> <span class='ocrx_word' id='word_1_166' title='bbox 1085 2950 1186 3034; x_wconf 82' lang='grc' dir='ltr'><em>τόλμῃ</em></span> <span class='ocrx_word' id='word_1_167' title='bbox 1211 2950 1383 3037; x_wconf 80' lang='grc' dir='ltr'><em>διαφέρων.</em></span> 
     </span>
    </p>

    <p class='ocr_par' dir='ltr' id='par_1_12' title="bbox 315 3049 1383 3145">
     <span class='ocr_line' id='line_1_25' title="bbox 315 3049 1383 3145; baseline 0.005 -27"><span class='ocrx_word' id='word_1_168' title='bbox 315 3055 351 3118; x_wconf 91' lang='lat' dir='ltr'>II</span> <span class='ocrx_word' id='word_1_169' title='bbox 369 3058 419 3120; x_wconf 87' lang='lat'>56.</span> <span class='ocrx_word' id='word_1_170' title='bbox 445 3049 485 3120; x_wconf 75' lang='grc' dir='ltr'>δι’</span> <span class='ocrx_word' id='word_1_171' title='bbox 502 3057 602 3141; x_wconf 84' lang='grc' dir='ltr'><em>ἀλκὴν</em></span> <span class='ocrx_word' id='word_1_172' title='bbox 617 3058 671 3122; x_wconf 87' lang='grc' dir='ltr'>καλ</span> <span class='ocrx_word' id='word_1_173' title='bbox 686 3060 806 3145; x_wconf 77' lang='grc' dir='ltr'><em>γένεσιν</em></span> <span class='ocrx_word' id='word_1_174' title='bbox 818 3092 852 3114; x_wconf 71' lang='grc' dir='ltr'><em>ω</em></span> <span class='ocrx_word' id='word_1_175' title='bbox 865 3059 921 3122; x_wconf 93' lang='lat' dir='ltr'>III</span> <span class='ocrx_word' id='word_1_176' title='bbox 942 3061 990 3140; x_wconf 95' lang='lat' dir='ltr'>ll,</span> <span class='ocrx_word' id='word_1_177' title='bbox 1017 3061 1087 3139; x_wconf 89' lang='lat'>144,</span> <span class='ocrx_word' id='word_1_178' title='bbox 1112 3059 1148 3120; x_wconf 91' lang='grc' dir='ltr'>ΙΙ</span> <span class='ocrx_word' id='word_1_179' title='bbox 1166 3060 1239 3140; x_wconf 80' lang='grc'><strong>482,</strong></span> <span class='ocrx_word' id='word_1_180' title='bbox 1263 3059 1296 3124; x_wconf 90' lang='lat' dir='ltr'>V</span> <span class='ocrx_word' id='word_1_181' title='bbox 1309 3060 1383 3123; x_wconf 82' lang='lat'>290.</span> 
     </span>
    </p>

    <p class='ocr_par' dir='ltr' id='par_1_13' title="bbox 315 3162 1213 3248">
     <span class='ocr_line' id='line_1_26' title="bbox 315 3162 1213 3248; baseline 0.008 -24"><span class='ocrx_word' id='word_1_182' title='bbox 315 3162 367 3228; x_wconf 94' lang='lat' dir='ltr'>IV</span> <span class='ocrx_word' id='word_1_183' title='bbox 384 3165 456 3227; x_wconf 89' lang='lat'>416.</span> <span class='ocrx_word' id='word_1_184' title='bbox 494 3164 649 3247; x_wconf 81' lang='grc' dir='ltr'><em>ἀξιώματι</em></span> <span class='ocrx_word' id='word_1_185' title='bbox 671 3165 725 3229; x_wconf 83' lang='grc' dir='ltr'>καλ</span> <span class='ocrx_word' id='word_1_186' title='bbox 748 3167 830 3248; x_wconf 79' lang='grc' dir='ltr'><em>γένει</em></span> <span class='ocrx_word' id='word_1_187' title='bbox 853 3172 991 3248; x_wconf 83' lang='grc' dir='ltr'><em>πρῶτος</em></span> <span class='ocrx_word' id='word_1_188' title='bbox 1014 3196 1048 3218; x_wconf 70' lang='grc' dir='ltr'><em>ω</em></span> <span class='ocrx_word' id='word_1_189' title='bbox 1072 3167 1124 3235; x_wconf 94' lang='lat' dir='ltr'>IV</span> <span class='ocrx_word' id='word_1_190' title='bbox 1140 3170 1213 3232; x_wconf 85' lang='lat'>358.</span> 
     </span>
    </p>

    <p class='ocr_par' dir='ltr' id='par_1_14' title="bbox 314 3263 1110 3361">
     <span class='ocr_line' id='line_1_27' title="bbox 314 3263 1110 3361; baseline 0.013 -31"><span class='ocrx_word' id='word_1_191' title='bbox 314 3269 351 3331; x_wconf 90' lang='grc' dir='ltr'>ΙΙ</span> <span class='ocrx_word' id='word_1_192' title='bbox 368 3271 419 3334; x_wconf 90' lang='lat'>46.</span> <span class='ocrx_word' id='word_1_193' title='bbox 455 3271 559 3359; x_wconf 76' lang='grc' dir='ltr'>ἡλικίη</span> <span class='ocrx_word' id='word_1_194' title='bbox 583 3269 737 3356; x_wconf 81' lang='grc' dir='ltr'><em>προέχων</em></span> <span class='ocrx_word' id='word_1_195' title='bbox 758 3273 812 3337; x_wconf 82' lang='grc' dir='ltr'>καὶ</span> <span class='ocrx_word' id='word_1_196' title='bbox 834 3263 907 3338; x_wconf 77' lang='grc' dir='ltr'><em>κατ’</em></span> <span class='ocrx_word' id='word_1_197' title='bbox 931 3271 1110 3361; x_wconf 81' lang='grc' dir='ltr'><em>ἐμπειρίαν.</em></span> 
     </span>
    </p>

    <p class='ocr_par' dir='ltr' id='par_1_15' title="bbox 207 3376 1384 3652">
     <span class='ocr_line' id='line_1_28' title="bbox 314 3376 1384 3470; baseline 0.009 -32"><span class='ocrx_word' id='word_1_198' title='bbox 314 3376 365 3442; x_wconf 92' lang='lat' dir='ltr'>VI</span> <span class='ocrx_word' id='word_1_199' title='bbox 383 3377 434 3440; x_wconf 92' lang='lat'>54.</span> <span class='ocrx_word' id='word_1_200' title='bbox 468 3377 609 3461; x_wconf 75' lang='grc' dir='ltr'><em>Σαβῖνος</em></span> <span class='ocrx_word' id='word_1_201' title='bbox 630 3381 772 3463; x_wconf 87' lang='grc' dir='ltr'><em>τοῦνομα</em></span> <span class='ocrx_word' id='word_1_202' title='bbox 795 3381 886 3462; x_wconf 76' lang='grc' dir='ltr'><em>γένος</em></span> <span class='ocrx_word' id='word_1_203' title='bbox 909 3381 980 3446; x_wconf 84' lang='grc' dir='ltr'>ἀπὸ</span> <span class='ocrx_word' id='word_1_204' title='bbox 995 3383 1113 3470; x_wconf 86' lang='grc' dir='ltr'><em>Συρίας</em></span> <span class='ocrx_word' id='word_1_205' title='bbox 1136 3383 1217 3467; x_wconf 82' lang='grc' dir='ltr'><em>ἀνὴρ</em></span> <span class='ocrx_word' id='word_1_206' title='bbox 1232 3384 1384 3450; x_wconf 82' lang='grc' dir='ltr'><em>καὶκατὰ</em></span> 
     </span>
     <span class='ocr_line' id='line_1_29' title="bbox 208 3480 1383 3574; baseline 0.011 -30"><span class='ocrx_word' id='word_1_207' title='bbox 208 3486 295 3566; x_wconf 88' lang='grc' dir='ltr'><em>χεῖρα</em></span> <span class='ocrx_word' id='word_1_208' title='bbox 317 3480 374 3547; x_wconf 84' lang='grc' dir='ltr'>καὶ</span> <span class='ocrx_word' id='word_1_209' title='bbox 398 3483 478 3547; x_wconf 87' lang='grc' dir='ltr'><em>κατὰ</em></span> <span class='ocrx_word' id='word_1_210' title='bbox 501 3484 608 3568; x_wconf 85' lang='grc' dir='ltr'><em>ψυχὴν</em></span> <span class='ocrx_word' id='word_1_211' title='bbox 631 3483 735 3574; x_wconf 78' lang='grc' dir='ltr'><em>ἐφάνη</em></span> <span class='ocrx_word' id='word_1_212' title='bbox 759 3487 886 3568; x_wconf 80' lang='grc' dir='ltr'><em>ἄριστος</em></span> <span class='ocrx_word' id='word_1_213' title='bbox 909 3520 943 3540; x_wconf 63' lang='grc' dir='ltr'><strong>Ν</strong></span> <span class='ocrx_word' id='word_1_214' title='bbox 967 3489 1019 3555; x_wconf 93' lang='lat' dir='ltr'>IV</span> <span class='ocrx_word' id='word_1_215' title='bbox 1040 3492 1113 3572; x_wconf 86' lang='lat'>359,</span> <span class='ocrx_word' id='word_1_216' title='bbox 1142 3490 1233 3572; x_wconf 90' lang='lat'>147,</span> <span class='ocrx_word' id='word_1_217' title='bbox 1262 3491 1314 3557; x_wconf 94' lang='lat' dir='ltr'>IV</span> <span class='ocrx_word' id='word_1_218' title='bbox 1330 3494 1383 3574; x_wconf 86' lang='lat'>36,</span> 
     </span>
     <span class='ocr_line' id='line_1_30' title="bbox 207 3587 314 3652; baseline 0.028 -3"><span class='ocrx_word' id='word_1_219' title='bbox 207 3587 314 3652; x_wconf 85' lang='lat'>1324.</span> 
     </span>
    </p>
   </div>
   <div class='ocr_carea' id='block_1_6' title="bbox 207 3713 419 3725">
    <p class='ocr_par' dir='ltr' id='par_1_16' title="bbox 207 3713 419 3725">
     <span class='ocr_line' id='line_1_31' title="bbox 207 3713 419 3725; baseline 0.014 -3"><span class='ocrx_word' id='word_1_220' title='bbox 207 3713 419 3725; x_wconf 73' lang='lat'>———</span> 
     </span>
    </p>
   </div>
   <div class='ocr_carea' id='block_1_7' title="bbox 206 3783 1384 4314">
    <p class='ocr_par' dir='ltr' id='par_1_17' title="bbox 206 3783 1384 4229">
     <span class='ocr_line' id='line_1_32' title="bbox 319 3783 1382 3870; baseline 0.007 -23"><span class='ocrx_word' id='word_1_221' title='bbox 319 3783 343 3870; x_wconf 90' lang='lat'>¹)</span> <span class='ocrx_word' id='word_1_222' title='bbox 367 3808 427 3865; x_wconf 91' lang='lat' dir='ltr'>quo</span> <span class='ocrx_word' id='word_1_223' title='bbox 459 3791 528 3848; x_wconf 91' lang='lat' dir='ltr'>loco</span> <span class='ocrx_word' id='word_1_224' title='bbox 553 3791 735 3866; x_wconf 84' lang='lat' dir='ltr'>Vespasiani</span> <span class='ocrx_word' id='word_1_225' title='bbox 767 3800 798 3850; x_wconf 89' lang='lat' dir='ltr'>et</span> <span class='ocrx_word' id='word_1_226' title='bbox 819 3793 881 3852; x_wconf 89' lang='lat' dir='ltr'>Titi</span> <span class='ocrx_word' id='word_1_227' title='bbox 912 3802 1102 3852; x_wconf 88' lang='lat' dir='ltr'>senectutem</span> <span class='ocrx_word' id='word_1_228' title='bbox 1135 3803 1166 3852; x_wconf 89' lang='lat' dir='ltr'>et</span> <span class='ocrx_word' id='word_1_229' title='bbox 1196 3795 1382 3854; x_wconf 84' lang='lat' dir='ltr'>iuventutem</span> 
     </span>
     <span class='ocr_line' id='line_1_33' title="bbox 208 3879 1383 3961; baseline 0.01 -28"><span class='ocrx_word' id='word_1_230' title='bbox 208 3879 384 3952; x_wconf 86' lang='lat' dir='ltr'>opponendi</span> <span class='ocrx_word' id='word_1_231' title='bbox 419 3881 470 3955; x_wconf 91' lang='lat' dir='ltr'>qui</span> <span class='ocrx_word' id='word_1_232' title='bbox 505 3881 645 3955; x_wconf 84' lang='lat' dir='ltr'>pertritus</span> <span class='ocrx_word' id='word_1_233' title='bbox 680 3882 737 3938; x_wconf 91' lang='lat' dir='ltr'>illis</span> <span class='ocrx_word' id='word_1_234' title='bbox 772 3883 960 3958; x_wconf 86' lang='lat' dir='ltr'>temporibus</span> <span class='ocrx_word' id='word_1_235' title='bbox 994 3883 1086 3940; x_wconf 84' lang='lat' dir='ltr'>fuisse</span> <span class='ocrx_word' id='word_1_236' title='bbox 1114 3884 1239 3949; x_wconf 84' lang='lat' dir='ltr'>videtur.</span> <span class='ocrx_word' id='word_1_237' title='bbox 1273 3893 1383 3961; x_wconf 84' lang='lat' dir='ltr'>postea</span> 
     </span>
     <span class='ocr_line' id='line_1_34' title="bbox 207 3965 1384 4082; baseline 0.012 -61"><span class='ocrx_word' id='word_1_238' title='bbox 207 3965 402 4026; x_wconf 83' lang='lat' dir='ltr'>Philostratus</span> <span class='ocrx_word' id='word_1_239' title='bbox 425 3971 480 4045; x_wconf 88' lang='lat' dir='ltr'>Ap.</span> <span class='ocrx_word' id='word_1_240' title='bbox 505 3969 548 4025; x_wconf 92' lang='lat' dir='ltr'>Vl</span> <span class='ocrx_word' id='word_1_241' title='bbox 571 3968 666 4045; x_wconf 84' lang='lat' dir='ltr'>30p.</span> <span class='ocrx_word' id='word_1_242' title='bbox 668 3969 763 4038; x_wconf 88' lang='grc'><strong>,244</strong></span> <span class='ocrx_word' id='word_1_243' title='bbox 787 3971 825 4028; x_wconf 90' lang='grc' dir='ltr'>Κ.</span> <span class='ocrx_word' id='word_1_244' title='bbox 849 3972 954 4032; x_wconf 87' lang='lat' dir='ltr'>utitur:</span> <span class='ocrx_word' id='word_1_245' title='bbox 981 3969 1133 4058; x_wconf 84' lang='grc' dir='ltr'><em>νεότητος</em></span> <span class='ocrx_word' id='word_1_246' title='bbox 1151 3970 1186 4034; x_wconf 86' lang='grc' dir='ltr'>δὲ</span> <span class='ocrx_word' id='word_1_247' title='bbox 1209 3972 1292 4082; x_wconf 82' lang='grc' dir='ltr'><em>χηρᾳ</em></span> <span class='ocrx_word' id='word_1_248' title='bbox 1315 3973 1384 4054; x_wconf 87' lang='grc' dir='ltr'>ἅμα</span> 
     </span>
     <span class='ocr_line' id='line_1_35' title="bbox 208 4047 1384 4162; baseline 0.01 -48"><span class='ocrx_word' id='word_1_249' title='bbox 208 4047 256 4122; x_wconf 80' lang='grc' dir='ltr'>εἰς</span> <span class='ocrx_word' id='word_1_250' title='bbox 277 4052 313 4116; x_wconf 86' lang='grc' dir='ltr'>τὸ</span> <span class='ocrx_word' id='word_1_251' title='bbox 336 4055 440 4162; x_wconf 84' lang='grc' dir='ltr'><em>ἄρχειν</em></span> <span class='ocrx_word' id='word_1_252' title='bbox 463 4055 621 4138; x_wconf 82' lang='grc' dir='ltr'>ἰούσης..</span> <span class='ocrx_word' id='word_1_253' title='bbox 639 4057 874 4142; x_wconf 80' lang='grc' dir='ltr'><em>,πρεσβυτέρα</em></span> <span class='ocrx_word' id='word_1_254' title='bbox 897 4057 956 4142; x_wconf 76' lang='grc' dir='ltr'>γὰρ</span> <span class='ocrx_word' id='word_1_255' title='bbox 972 4060 1217 4142; x_wconf 76' lang='grc' dir='ltr'><em>συμβήσεται</em></span> <span class='ocrx_word' id='word_1_256' title='bbox 1182 4083 1264 4131; x_wconf 86' lang='grc' dir='ltr'><em>νεοις</em></span> <span class='ocrx_word' id='word_1_257' title='bbox 1287 4058 1384 4139; x_wconf 81' lang='grc' dir='ltr'>έξῶν</span> 
     </span>
     <span class='ocr_line' id='line_1_36' title="bbox 206 4138 1014 4265; baseline 0.009 -61"><span class='ocrx_word' id='word_1_258' title='bbox 206 4140 260 4204; x_wconf 83' lang='grc' dir='ltr'>και</span> <span class='ocrx_word' id='word_1_259' title='bbox 283 4142 382 4265; x_wconf 79' lang='grc' dir='ltr'><em>’γῆρας</em></span> <span class='ocrx_word' id='word_1_260' title='bbox 405 4138 529 4226; x_wconf 87' lang='grc' dir='ltr'><em>ισχύσει</em></span> <span class='ocrx_word' id='word_1_261' title='bbox 552 4144 606 4208; x_wconf 86' lang='grc' dir='ltr'>καλ</span> <span class='ocrx_word' id='word_1_262' title='bbox 628 4145 735 4228; x_wconf 85' lang='grc' dir='ltr'><em>νεότης</em></span> <span class='ocrx_word' id='word_1_263' title='bbox 758 4147 818 4210; x_wconf 88' lang='grc' dir='ltr'>οὐκ</span> <span class='ocrx_word' id='word_1_264' title='bbox 842 4146 1014 4229; x_wconf 81' lang='grc' dir='ltr'><em>ἀτακτήσει.</em></span> 
     </span>
    </p>

    <p class='ocr_par' dir='ltr' id='par_1_18' title="bbox 314 4227 953 4314">
     <span class='ocr_line' id='line_1_37' title="bbox 314 4227 953 4314; baseline 0.015 -23.235"><span class='ocrx_word' id='word_1_265' title='bbox 314 4227 340 4304; x_wconf 91' lang='grc'><strong>3)</strong></span> <span class='ocrx_word' id='word_1_266' title='bbox 366 4235 424 4292; x_wconf 89' lang='lat' dir='ltr'>Die</span> <span class='ocrx_word' id='word_1_267' title='bbox 448 4236 580 4304; x_wconf 86' lang='lat' dir='ltr'>Quelleu</span> <span class='ocrx_word' id='word_1_268' title='bbox 604 4237 659 4294; x_wconf 86' lang='lat' dir='ltr'>des</span> <span class='ocrx_word' id='word_1_269' title='bbox 681 4239 832 4314; x_wconf 83' lang='lat' dir='ltr'>Josephus</span> <span class='ocrx_word' id='word_1_270' title='bbox 859 4237 953 4300; x_wconf 90' lang='grc'><strong>1882.</strong></span> 
     </span>
    </p>
   </div>
   <div class='ocr_carea' id='block_1_8' title="bbox 0 0 1738 5128">
    <p class='ocr_par' dir='ltr' id='par_1_19' title="bbox 0 0 1738 5128">
     <span class='ocr_line' id='line_1_38' title="bbox 0 0 1738 5128; baseline 0 1"><span class='ocrx_word' id='word_1_271' title='bbox 0 0 1738 5128; x_wconf 95' lang='lat' dir='ltr'> </span> 
     </span>
    </p>
   </div>
  </div>
 </body>
</html>
