3468 5128
677 411 897 474 ..23-

198 623 280 713 (VII
304 622 381 710 340)
404 622 554 706 redeam,
584 622 629 688 ad
651 619 805 708 primum
832 619 1052 710 propositum
1081 612 1130 689 δτι
1152 616 1304 710 συμφορὰ
1331 614 1368 688 τδ

198 735 256 819 ζῆν
278 729 367 798 ἐστιν
401 719 440 796 οὔ
464 726 613 809 θάνατος
635 731 705 797 VII
730 733 794 796 340
819 728 1119 816 comprobandum
1152 726 1240 794 illud
1264 749 1367 815 argu-

195 847 356 904 mentum
384 837 523 923 profert,
557 836 651 923 quod
676 834 795 903 anima
817 834 854 902 in
879 858 1021 924 corpore
1045 833 1145 923 quasi
1168 835 1205 902 in
1231 857 1366 902 carcere

196 943 317 1012 vincta
339 943 387 1010 sit
410 953 446 1010 et
468 941 621 1010 inclusa:

302 1053 462 1120 V11344.
487 1054 550 1130 ἕως
574 1047 651 1118 εἰσίν
668 1054 701 1116 ἐν
715 1056 829 1142 θνητῷ
850 1054 976 1137 σώματι
1000 1049 1169 1136 δεδεμέναι
1193 1049 1299 1139 ψυχαὶ
1314 1053 1368 1118 καὶ

195 1164 260 1226 τῶν
296 1161 412 1226 τούτου
457 1163 569 1224 κακῶν
607 1161 952 1239 συναναπίμπλανται,
997 1150 1238 1248 τάληθέστατον
1271 1161 1367 1226 εἰπεῖν

195 1268 381 1351 τεθνήκασι.
410 1266 450 1332 cf.
475 1265 519 1332 de
539 1287 681 1353 corpore
696 1287 777 1332 cum
793 1287 929 1333 carcere
944 1266 1071 1332 collato
1081 1263 1103 1354 ¹)
1120 1265 1219 1331 Plato
1236 1265 1366 1332 Phaed.

197 1377 239 1440 67
263 1372 298 1440 C
328 1372 501 1458 ἐκλυομένη
526 1364 643 1458 ὥσπερ
666 1375 796 1459 δεσμῶν
819 1377 935 1441 διττοῦ
958 1370 1110 1458 σώματος
1138 1382 1174 1439 et
1196 1371 1278 1444 Lier
1300 1373 1321 1438 l.
1345 1373 1366 1439 l.

195 1501 227 1568 p.
252 1484 351 1549 60213
376 1478 444 1564 alii,
467 1480 511 1546 de
534 1501 711 1566 oxymoro,
734 1479 926 1569 posteriore
949 1477 1125 1548 enuntiati
1140 1489 1248 1566 parte,
1271 1479 1366 1546 locos

197 1609 285 1674 quos
309 1585 481 1654 Heinzius
509 1585 546 1654 in
570 1608 692 1654 eomna
717 1588 762 1654 ad
786 1591 925 1660 Lueret.
950 1590 1006 1654 III
1026 1591 1110 1654 1046
1132 1608 1164 1674 p.
1185 1591 1246 1654 196
1263 1588 1366 1654 affert

197 1698 335 1776 (104516
368 1716 413 1760 an
446 1717 529 1761 vero
562 1693 741 1762 dubitabis
773 1705 810 1762 et
840 1694 1073 1782 indignabere
1091 1693 1204 1768 ¹obire
1225 1705 1366 1762 mortua

195 1800 251 1868 eui
275 1799 350 1869 vita
371 1811 407 1868 et
429 1823 537 1889 prope
560 1800 631 1869 iam
654 1801 737 1870 vivo
760 1813 867 1890 atque
889 1800 1046 1891 videnti.)

302 1907 508 1995 Sequuntur
530 1909 638 1976 verba

301 2019 498 2085 V1134718.
523 2013 616 2084 αἰτία
639 2010 731 2108 ψυχὴ
749 2014 876 2103 σώματι
899 2015 1052 2106 γενομένη
1072 2017 1266 2105 μεταβολῆς,
1290 2018 1367 2083 droa

195 2115 263 2211 γὰρ·
293 2116 332 2190 δν
367 2109 459 2211 roupi
491 2126 700 2212 προσψαύσῃ,
733 2132 831 2191 τοῦτο
859 2123 898 2215 ζῇ
921 2122 978 2190 καὶ
1000 2124 1142 2208 τέθηλεν,
1178 2113 1254 2190 ὅτου
1278 2111 1308 2190 ‹l'
1325 2111 1367 2189 riv

148 2262 149 2266 ¹
196 2220 384 2320 α’νταλλαμῇ,
411 2230 584 2315 μαρανθὲν
612 2222 830 2321 ἀποθνήσκει,
859 2232 902 2298 de
930 2251 1078 2318 quorum
1101 2228 1138 2296 vi
1162 2239 1198 2296 et
1220 2227 1366 2296 notione

121 2377 124 2388 ·
195 2347 231 2404 et
268 2335 485 2424 imaginibus
524 2337 692 2406 adhibitis
732 2341 889 2407 conferas
928 2337 1035 2406 velim
1075 2336 1274 2404 Lucretium
1308 2339 1364 2402 III

195 2448 370 2511 445-448
395 2456 431 2514 et
447 2443 631 2514 Philonem
655 2447 699 2513 de
722 2469 831 2514 somn.
857 2450 873 2512 Ι
894 2451 929 2512 11
957 2447 1051 2513 ἀνθεῖ
1074 2438 1137 2534 γὰρ
1160 2435 1181 2535 ᾖ
1203 2441 1297 2532 ψυχή
1312 2495 1319 2510 .
1334 2496 1364 2510 ..

196 2541 318 2618 ὁπόταν
350 2549 384 2620 αἱ
407 2562 466 2620 τοῦ
490 2551 640 2639 σώματος
664 2545 766 2641 ἇιιμαὶ
798 2550 1015 2644 μαραίνονται.
1043 2563 1080 2620 et
1109 2551 1365 2640 epigrammata

194 2657 402 2744 sepulcralia
418 2659 562 2744 Graeca,
578 2659 614 2727 in
635 2661 762 2748 quibus
778 2662 990 2730 vocabulum
1005 2657 1232 2746 μαραίνεσθαι
1255 2655 1366 2725 varia-

195 2773 253 2830 tur
287 2765 338 2851 (cl.
364 2764 490 2833 Kaibel
515 2771 578 2832 368
607 2778 643 2834 et
670 2769 750 2856 471)
777 2770 821 2836 de
847 2770 959 2836 forma
982 2778 1102 2834 autem
1126 2775 1163 2833 et
1190 2775 1365 2833 structura

194 2869 281 2937 illud
305 2872 554 2960 Xenophontis
579 2875 700 2962 Cyrop.
721 2879 809 2944 VIII
835 2881 863 2960 7,
891 2880 938 2942 19.

301 2981 516 3050 οὐδεπώποτε
538 2981 678 3076 ἐπείσθη
702 2987 749 3064 ὡς
770 2974 790 3072 ἦ
809 2978 898 3074 ψυχὴ
915 2986 978 3064 ἕως
1001 2988 1040 3049 δν
1056 2983 1090 3050 ἐν
1106 2989 1222 3073 θνητῷ
1236 2980 1365 3066 σώματι

193 3076 226 3170 ᾔ,
250 3090 300 3172 ζῇ,
324 3079 401 3154 ὅταν
424 3089 461 3157 δὲ
483 3093 602 3158 τούτου
624 3081 803 3182 ἅπαλλαμῇ,
826 3095 989 3178 τέθνηκεν.

301 3196 426 3280 Neque
441 3196 559 3265 minus
574 3197 760 3286 pertritum
776 3209 830 3267 est
846 3210 1097 3288 argumentum
1120 3221 1254 3268 novum
1271 3200 1364 3287 quod

194 3297 231 3364 in
259 3299 435 3369 affinitate
466 3303 589 3371 mortis
621 3316 657 3373 et
683 3305 798 3373 somni
830 3317 991 3374 versatur
1022 3331 1043 3374 a
1073 3305 1300 3394 scriptoribus
1329 3317 1365 3374 et

194 3409 308 3499 poetis
330 3413 589 3500 pervulgatum

301 3523 461 3589 V11348.
496 3512 595 3588 invoa
625 3508 765 3607 δςδμῖν
794 3526 876 3590 ἔσται
904 3527 970 3591 τιῖιν
997 3521 1105 3613 λόγων
1132 3521 1363 3613 ἐναργέστατον

193 3626 375 3719 τεκμήριον,
391 3632 424 3695 ἐν
439 3615 466 3719 a}
480 3623 584 3696 πολλὰ
599 3634 663 3696 τῶν
679 3629 845 3716 ἐσομένων
859 3629 1127 3718 προθεσπίζουσι.
1144 3651 1179 3676 Ν
1201 3629 1363 3717 Xenoph.

195 3735 317 3822 Cyrop.
341 3739 430 3805 VIII
449 3741 477 3821 7,
491 3739 541 3803 21.

301 3847 472 3928 ἐννοήσατε
504 3845 672 3929 ἐγγύτερον
700 3845 762 3930 μέν
792 3851 858 3914 τῶν
891 3839 1077 3931 α’νδραίντων
1104 3842 1238 3935 θανάτῳ
1271 3847 1365 3913 οῧδέν

195 3955 280 4020 ἔστιν
302 3943 412 4019 ὕπνον.
447 3943 541 4042 ἢτοῦ
565 3941 750 4040 ἆνδρώπου
773 3946 859 4044 ψυχὴ
882 3950 949 4020 τότε
972 3950 1081 4044 δήποτ
1106 3949 1248 4039 θειοτάτη
1271 3978 1364 4021 κατα-

306 4189 328 4265 1)
353 4189 409 4247 VII
433 4189 526 4290 344Ἀ
549 4183 596 4267 εἷς
632 4181 688 4254 τδν
723 4183 825 4254 τόπον
867 4184 986 4260 οἰκεῖον
1023 4178 1139 4273 ἐφίησι
1183 4189 1291 4276 ψυχάς
1328 4209 1362 4232 Ν

195 4279 318 4337 Axioch.
333 4278 398 4341 365
422 4277 464 4348 είς
485 4300 544 4343 τον
567 4279 681 4344 οἰκεῖον
702 4273 800 4343 τόπον
824 4273 1006 4362 λδρνθεῖοα.
