3468 5128
691 397 911 467 ..19-

220 620 300 698 tror,
324 611 473 699 quaein
498 611 657 680 omnium
680 635 785 681 usum
808 613 947 682 venisse
971 603 1130 682 constat
1163 595 1331 682 Attamen
1348 623 1389 682 ut

222 720 415 804 ostendam,
454 722 629 807 quomodo
664 721 854 809 componat
887 732 1107 809 argumenta,
1139 741 1265 809 operae
1302 721 1391 790 mihi

223 825 376 912 pretium
401 850 478 894 esse
500 826 650 913 videtur,
673 828 816 916 singula
831 839 867 896 et
883 827 1092 916 gravissima
1108 851 1267 916 quaeque
1282 851 1395 916 perse-

185 961 188 964 ·
219 931 279 1020 qui
304 945 340 1000 et
363 933 533 1022 exemplis
557 933 635 1002 aliis
658 935 813 1023 locisque
836 936 1011 1004 illustrare
1034 946 1070 1003 et
1093 937 1289 1025 explanare

327 1040 432 1108 Morti
455 1041 676 1110 voluntariae
699 1053 819 1110 autem
841 1041 995 1130 primum
1015 1054 1200 1132 repugnat,
1223 1054 1265 1112 ut
1279 1041 1391 1131 ipsius

221 1148 337 1216 verbis
360 1159 448 1233 utar,
471 1147 541 1216 his:
1314 1214 1316 1218 .

330 1259 384 1322 111
402 1261 474 1324 369.
498 1261 518 1342 ἡ
535 1261 714 1343 αὐτοχειρία
728 1259 851 1343 καὶτῆς
865 1266 973 1344 κοινῆς
989 1255 1141 1324 ἁπάντων
1154 1260 1250 1343 ζῴων
1260 1261 1402 1348 φύσεως

221 1365 387 1450 ἀλλότριον
414 1367 468 1430 καὶ
496 1366 577 1451 πρὸς
600 1366 655 1431 τὸν
677 1368 829 1432 κτίσαντα
851 1367 932 1432 θεὸν
954 1369 1039 1450 ἡμᾶς
1061 1369 1141 1432 ἐστιν
1164 1365 1295 1452 ἀσέβεια
1318 1365 1392 1452 qui·

179 1527 180 1530 ,
219 1470 367 1536 buscum
391 1472 549 1538 conferas
572 1470 660 1538 illud
682 1469 841 1559 Emporii
862 1472 905 1560 (p.
926 1473 979 1555 18)
1002 1472 1186 1558 paululum
1206 1471 1390 1540 variatum.

219 1578 335 1660 Quam
372 1577 718 1664 argumentationem
756 1577 901 1645 omnino
934 1577 1079 1644 affinem
1112 1601 1187 1646 esse
1219 1577 1391 1645 diatribae
1475 1615 1476 1618 ¹

218 1705 308 1769 quae
338 1696 484 1751 vocatur
513 1707 593 1752 cum
622 1685 879 1755 Wendlandius
907 1684 1064 1772 attingat
1073 1687 1104 1773 ¹),
1131 1687 1318 1772 populares
1345 1686 1390 1752 ad

219 1791 387 1858 formulas
410 1793 589 1879 pertinent
611 1794 720 1860 verba
1153 1785 1157 1790 ’

327 1901 467 1964 111372.
492 1901 581 1985 ψυχὴ
618 1891 647 1965 δ’
664 1903 827 1980 ἀθάνατος
857 1903 912 1966 καὶ
938 1903 1017 1966 θεοῦ
1040 1908 1139 1983 μοῖρα
1160 1907 1224 1971 τοῖς
1246 1902 1390 1983 σώμασιν

223 2007 425 2084 ἰνοικίζειαι;
449 2027 555 2094 quam
579 2029 683 2093 saepe
706 2005 800 2072 enim
824 2029 949 2093 corpus
973 2017 1008 2072 et
1031 2007 1156 2072 domus
1176 2003 1249 2070 sint
1264 2005 1390 2071 collata

220 2111 345 2178 doceat
378 2111 549 2178 Heinzius
558 2112 582 2202 ²)
614 2112 681 2179 alii.
729 2111 949 2180 Platonicum
987 2123 1105 2179 autem
1138 2112 1280 2178 odorem
1313 2131 1389 2178 sen-

219 2219 351 2286 tentiae
378 2230 415 2286 et
441 2220 614 2287 vocabula
641 2231 792 2304 servant,
821 2242 910 2308 quae
939 2215 1081 2307 quidem
1104 2217 1140 2284 in
1165 2239 1389 2285 communem

218 2349 322 2396 usum
345 2326 485 2394 venisse
510 2349 616 2414 supra
639 2326 1003 2394 commemoravimus:
1418 2406 1422 2414 ι

326 2437 467 2500 111372.
493 2425 546 2501 εἴτ’
574 2436 630 2500 ἐὰν
659 2437 719 2519 μὲν
746 2437 883 2520 ἀφανίσῃ
911 2461 961 2506 τις
988 2437 1167 2518 ἀνθρώπων
1200 2459 1389 2521 παρακατα-

218 2543 325 2626 θήκην
357 2546 376 2626 ἢ
402 2544 559 2626 διαθῆται
583 2550 704 2615 κακῶς,
738 2543 880 2627 πονηρὸς
902 2545 979 2607 εἶναι
1003 2543 1164 2607 δοκεῖκαὶ
1187 2543 1326 2620 ἄπιστος,
1362 2543 1391 2608 εἰ

219 2651 254 2714 δέ
275 2675 322 2720 τις
344 2656 399 2716 τοῦ
423 2651 576 2737 σφετέρου
600 2646 749 2733 σώματος
771 2651 913 2733 ἐκβάλλει
936 2650 995 2732 τὴν
1023 2649 1306 2733 παρακαταθήκην
1328 2655 1387 2713 τοῦ

218 2758 308 2830 θεοῦ,
343 2756 508 2839 λεληθέναι
544 2757 634 2822 δοκεῖ
651 2757 706 2821 τὸν
729 2757 955 2839 ἀδικούμενδν;
988 2755 1043 2820 καί
1068 2751 1214 2828 κολάζειν
1235 2756 1388 2838 μὲντοὺς

217 2864 428 2951 ἀποδράντας
444 2859 570 2935 οἰκέτας
586 2861 711 2928 δίκαιον
727 2864 906 2947 νενόμισται
920 2866 981 2926 κᾶν
995 2862 1153 2947 πονηροὺς
1167 2863 1387 2928 καταλείπωσι

219 2971 383 3044 δεσπότας,
407 2971 499 3036 αύιολ
523 2971 744 3056 δὲικάλλισιον
766 2971 836 3054 βίον
859 2961 1149 3052 ἀποδιδράσκοντες
1169 2969 1224 3033 τὸν
1246 2969 1325 3034 θεὸν
1348 2971 1387 3034 ού

219 3078 376 3161 δοκοῦμεν
403 3079 546 3161 auspiciu
575 3077 626 3165 ἄρ’
652 3079 712 3142 σύκ
736 3073 799 3142 ίστε
822 3079 867 3142 ὅτι
889 3084 953 3142 τῶν
974 3077 1034 3160 μὲν
1057 3078 1205 3151 ἐξιόντων
1232 3083 1287 3142 τοῦ
1314 3077 1386 3160 βίου

218 3184 297 3249 κατὰ
331 3185 389 3248 τδν
422 3192 479 3267 τῆς
513 3187 641 3268 φύσεως
675 3185 775 3268 νόμον
809 3186 863 3249 καί
896 3185 934 3250 τδ
957 3185 1082 3267 ληφθὲν
1106 3184 1198 3270 παρὰ
1220 3190 1280 3248 τοῦ
1304 3188 1386 3250 θεοῦ

217 3293 311 3374 χρέος
334 3291 520 3354 ἐκτινύντων
544 3293 619 3356 ὅταν
642 3291 753 3362 ὁδούς
775 3294 972 3375 κομίσασθαι
993 3293 1071 3374 θέλῃ
1087 3292 1148 3356 κτλ
1166 3287 1266 3354 cuius
1289 3287 1387 3356 τύπον

218 3405 470 3482 argumentum
493 3405 529 3460 et
551 3397 659 3462 verba
680 3396 788 3464 variis
811 3419 831 3462 e
852 3395 1041 3483 generibus
1057 3394 1200 3482 singula
1215 3393 1385 3481 exemplis

218 3502 464 3591 explanentur:
668 3515 669 3518 ’

325 3610 424 3676 Plato
450 3609 590 3676 Phaedo
615 3613 656 3676 62
681 3613 716 3677 Β.
749 3613 788 3678 ού
823 3612 872 3678 δεῖ
899 3613 938 3696 δὴ
967 3611 1081 3677 ἑαυτὸν
1104 3608 1141 3677 ἐκ
1163 3612 1276 3693 ταύτης
1297 3610 1386 3676 λύειν

218 3720 287 3785 οὐδ’
313 3718 553 3805 ἀποδιδράσκειν
574 3721 659 3802 ἡμᾶς
681 3719 755 3798 τοὺς
777 3720 971 3803 ἀνθρώπους
993 3721 1027 3784 ἓν
1049 3724 1114 3782 τῶν
1129 3719 1301 3806 κτημάτων
1315 3720 1386 3795 τοῖς

217 3828 307 3898 θεοῖς
330 3827 414 3892 εἶναι.
1405 3837 1407 3845 “

328 4005 349 4092 ¹)
373 4009 432 4068 Die
466 4011 681 4086 Therapeuten
715 4010 778 4066 und
812 4007 861 4067 die
896 4007 1084 4084 philonische
1108 4007 1216 4066 Schrift
1237 4026 1307 4066 vom
1330 4008 1383 4065 be·

218 4100 412 4230 schaplichen
440 4099 555 4169 Labeo,
588 4101 690 4176 Jahrb.
717 4097 763 4156 ffir
789 4097 877 4156 klass.
901 4099 1005 4157 Philol.
1041 4097 1145 4174 Suppl.
1169 4095 1220 4166 22,
1246 4094 1330 4158 1896
1354 4115 1383 4172 p.

218 4187 348 4356 71212)
372 4277 504 4336 Lucretii
527 4279 604 4337 liber
626 4277 668 4336 III
690 4276 891 4336 Kommentar
912 4297 942 4353 p.
969 4275 1040 4338 154.

1275 4391 1309 4450 2·
