3468 5128
824 396 1046 469 ...22-

349 611 448 693 χίντα,
484 608 559 676 ποτὲ
587 608 622 674 δὲ
643 606 700 692 τὴν
721 612 790 674 τῶν
812 608 1018 693 κρατούντων
1040 604 1190 684 ἐξουσίαν
1211 614 1267 674 τοῦ
1290 607 1378 692 παρὰ
1400 606 1436 673 τὸ
1459 632 1542 702 ›cu-¹

348 722 455 801 θῆκον
483 717 663 800 φιλοζωεῖν.
708 714 832 800 (Scala,
860 713 1010 784 Studien
1040 715 1102 782 des
1126 711 1292 800 Polybius
1314 736 1346 802 p.
1370 717 1434 780 212
1458 713 1519 801 sq.)

455 819 631 888 Aristotel.
647 819 783 889 Nicom.
797 821 879 893 Eth.
896 827 966 907 3,11
985 845 1016 909 p.
1034 825 1144 889 1116a
1160 825 1193 888 ¹².
1217 822 1253 887 τὸ
1265 814 1295 886 δ’
1307 823 1521 906 ἀποθνήσκειν

349 932 506 1020 φεύγοντα
529 929 648 996 πενίαν
670 934 690 1015 ἢ
714 933 818 1016 ἔρωτα
840 934 860 1017 ἢ
883 931 1025 1017 λυπηρὸν
1048 933 1109 998 οὐκ
1130 927 1279 1015 ἀνδρείου
1302 929 1379 994 ἀλλὰ
1402 929 1522 1014 μᾶλλον

352 1039 462 1104 δειλοῦ.
508 1035 686 1125 (Bernays,
710 1035 846 1111 Lucian
870 1039 944 1104 und
968 1035 1024 1106 die
1049 1034 1203 1123 Cyniker
1224 1056 1256 1123 p.
1281 1034 1347 1124 57.)

458 1142 567 1212 Cuius
600 1142 769 1212 orationis
801 1143 970 1233 quoniam
1004 1141 1205 1233 gravissimi
1232 1140 1397 1231 ponderis
1425 1143 1521 1210 locos

352 1249 671 1340 argumentationis
694 1251 856 1322 attulisse
877 1251 966 1320 mihi
982 1251 1112 1336 videor,
1135 1271 1232 1318 nunc
1248 1250 1292 1316 ad
1309 1246 1521 1318 contrariam

351 1368 579 1444 transeamus,
615 1381 685 1447 qua
718 1357 803 1429 viris
835 1370 872 1428 et
903 1357 1044 1426 leminis
1072 1369 1109 1428 et
1134 1355 1254 1426 liberis
1282 1355 1343 1445 qui
1371 1357 1522 1424 salutem

283 1521 286 1536 .
353 1466 550 1556 desperant,
572 1476 614 1534 ut
637 1463 704 1534 sibi
726 1475 877 1534 mortem
900 1463 1127 1550 consciscant,
1151 1465 1226 1532 dux
1248 1465 1375 1534 suadet
1397 1474 1434 1532 et
1448 1485 1523 1552 per·

353 1573 486 1642 suadet.

459 1681 575 1766 Quam
607 1678 811 1766 orationem,
845 1701 960 1768 quam,
995 1699 1077 1748 cum
1106 1689 1257 1748 mortem
1284 1681 1419 1748 bonum
1447 1700 1523 1746 esse

353 1785 584 1854 demonstrari
607 1785 747 1857 intersit
770 1809 851 1855 cum
875 1785 1174 1856 consolationibus
1198 1787 1241 1875 (p.
1258 1787 1316 1872 20)
1339 1786 1524 1854 cohaerere

349 1879 455 1962 ¹nobis
483 1917 505 1962 a
533 1893 825 1983 Pseudoplatonis
852 1893 1012 1962 Axiocho
1041 1917 1153 1984 usque
1181 1895 1226 1964 ad
1250 1894 1422 1964 Senecam
1447 1894 1524 1961 Plu-

354 2002 516 2070 tarchum
548 2001 757 2089 posteriores
790 2001 939 2072 servatis
966 2001 1191 2093 perspicuum
1220 2012 1282 2087 est,
1314 1999 1389 2070 Titi
1417 2000 1525 2068 verba

356 2107 532 2196 attingere
564 2107 738 2195 videntur,
769 2108 829 2198 qui
861 2106 900 2178 τό
929 2101 1040 2196 όμνεῖν
1070 2106 1128 2200 τήν
1156 2113 1189 2177 ἕν
1216 2111 1352 2197 πολέμῳ
1379 2100 1525 2197 τελευτὴν

354 2213 560 2300 παραλιπών
580 2215 642 2304 (VI
660 2217 723 2304 46),
740 2226 776 2284 et
791 2217 938 2306 exponit
953 2239 1043 2305 quae
1058 2216 1148 2286 ratio
1164 2215 1256 2284 inter
1270 2225 1421 2282 mortem
1437 2237 1525 2303 pug-

356 2344 424 2388 nae
451 2321 633 2409 morbique
660 2305 863 2408 intercedat,
892 2335 928 2392 et
950 2333 1081 2391 sortem
1112 2334 1332 2390 mortuorum
1365 2322 1524 2389 celebrat

356 2429 409 2516 (ci.
441 2429 486 2495 de
515 2429 582 2496 hac
615 2451 653 2496 re
681 2428 793 2514 Diels,
827 2429 1054 2518 Elementum
1081 2453 1113 2518 p.
1138 2435 1179 2498 73
1207 2431 1312 2496 Anm.
1338 2433 1364 2514 1,
1393 2430 1437 2496 de
1465 2429 1526 2496 illa

356 2533 557 2604 differentia
594 2533 807 2625 [Dionysius]
839 2536 935 2623 τέχνη
968 2544 1036 2628 ρητ.
1069 2559 1101 2625 p.
1126 2542 1168 2606 29
1201 2531 1411 2628 115.)1ιιειδῄ
1437 2533 1526 2606 oliv
1569 2594 1574 2603 .

355 2645 487 2730 πολέμῳ
509 2640 751 2734 τελευτήσαντες
784 2636 887 2730 ὅμοιοι
912 2651 984 2727 ταῖς
1011 2637 1158 2737 ἡλικίαις,
1190 2647 1283 2716 οὐδὲν
1311 2640 1376 2713 ἀπό
1404 2646 1527 2711 τούτων

356 2751 467 2836 ἕξομεν
493 2754 536 2824 εἰς
562 2749 772 2841 παραμυθίαν
799 2755 980 2842 ἐπιχειρεῖν,
1008 2750 1100 2845 πλὴν
1124 2747 1172 2822 ότι
1195 2751 1336 2835 ἐνδόξως
1359 2743 1527 2819 όπέθανον

356 2848 436 2943 όπὲρ
469 2863 528 2948 τῆς
561 2861 718 2945 πατρίδος.
753 2851 833 2928 κᾶθ’
849 2865 951 2935 οὕτως
982 2862 1037 2929 καί
1063 2854 1107 2929 ότι
1128 2863 1226 2946 ταχὺς
1247 2859 1304 2926 καὶ
1328 2849 1527 2940 άναίσθητος

358 2955 376 3031 δ
399 2973 538 3039 τοιοῦτος
562 2964 709 3048 θάνατος
735 2970 790 3034 καί
812 2965 901 3041 ἐκτός
927 2967 1082 3052 βασάνων
1109 2969 1249 3034 καὶτῶν
1276 2969 1387 3030 κακῶν
1416 2965 1450 3028 ἐκ
1472 2969 1527 3044 τῆς

358 3073 452 3139 νόσου
474 3123 481 3138 .
505 3123 512 3137 .
536 3124 542 3138 .
567 3082 604 3138 et
625 3073 856 3162 Apollonidas
879 3074 1021 3141 Anthol.
1048 3074 1117 3139 Pal.
1141 3071 1248 3158 epigr.
1273 3069 1417 3156 sepulcr.

465 3218 537 3281 233.
561 3217 669 3296 Αλλιος
691 3205 849 3307 Αὐσονίης
871 3222 1025 3306 στρατιῆς
1047 3212 1172 3303 πρόμος
1185 3205 1214 3281 ό
1236 3215 1394 3300 χρυσέοισι
1434 3201 1438 3210 ’

465 3325 617 3408 στέμμασι
640 3325 805 3407 σωρεύσας
828 3313 962 3408 αόχένας
985 3315 1197 3408 ὁπλοφόρους,

465 3439 578 3504 καῦσος
601 3418 646 3498 ὅτ’
669 3427 717 3511 είς
738 3428 887 3516 πυμάτην
911 3421 1074 3507 ιόλίσθανε,
1096 3433 1200 3515 τέρμα
1219 3419 1249 3496 τ’
1262 3432 1410 3515 ἄφυκτον,

466 3541 545 3606 εἶδεν
568 3540 728 3626 ἀριστείην
750 3538 881 3623 ἐμφανῆ
903 3542 949 3618 εἰς
972 3535 1065 3623 ἰδίην.

467 3645 553 3736 πῆξε
576 3635 680 3712 δ’όττδ
704 3642 940 3730 σπλάγχνοισιν
962 3638 1015 3712 ἑὸν
1038 3648 1130 3730 ξίφος
1153 3639 1224 3712 εἶπέ
1245 3669 1280 3710 τε
1302 3641 1464 3734 θνήσκων.

469 3741 570 3832 αότός
592 3744 677 3819 incia
699 3749 833 3838 ἐδάμην,
855 3745 901 3842 μὴ
921 3751 1019 3833 νόσος
1041 3743 1133 3838 εὖχος
1155 3755 1210 3842 ἔχῃ

362 3906 397 3964 et
420 3899 483 3962 234
509 3893 655 3982 Philipp.
679 3893 836 3962 Thessal.

491 4073 498 4086 .
523 4072 530 4086 .
554 4007 716 4106 .”Ανδρας
729 4009 829 4111 ’Άρης
850 4018 982 4104 κτείνει,
1006 4022 1205 4127 δειλοτέρους
1228 4019 1265 4088 δέ
1287 4017 1393 4100 νόσος.

469 4144 540 4216 Sed
572 4155 614 4214 ut
646 4146 690 4212 ad
722 4145 819 4212 illam
856 4144 1051 4214 orationem
1087 4167 1150 4233 pro
1183 4155 1297 4212 morte
1330 4140 1530 4212 voluntaria

363 4251 531 4339 habitam,
563 4273 669 4343 quam
699 4254 877 4341 Josephus
904 4251 1064 4321 inscribit
1091 4251 1175 4338 περὶ
1202 4257 1314 4342 ψυχῆς
1341 4249 1531 4331 ἀθανασίας
