3468 5128
750 374 969 435 ..60-

277 580 352 651 vati
364 583 464 650 velut
473 581 542 650 Dio
553 583 824 667 chrysostomus
839 593 875 649 et
886 579 1071 648 Musonius
1084 581 1180 648 aliud
1190 591 1451 669 argumentum,

277 688 384 758 aliam
407 687 581 756 scribendi
604 690 754 756 formam
776 690 978 777 praebeant.

385 793 480 865 Satis
496 793 607 881 igitur
628 794 718 862 mihi
735 806 789 863 est
804 794 841 862 in
857 796 925 862 hoc
940 817 1013 862 uno
1029 817 1133 882 opere
1148 794 1279 863 versari
1302 807 1340 864 et
1354 794 1453 864 varia

278 901 513 989 componendi
537 924 668 988 genera
691 903 799 970 variis
821 901 1084 971 narrationibus
1105 904 1369 970 accommodata
1385 903 1452 970 dis·

278 1008 424 1096 quirere,
448 1030 539 1096 quae
561 1021 602 1076 ut
617 1032 730 1076 unum
746 1033 765 1077 e
780 1010 904 1078 multis
919 1009 1119 1077 rhetoribus
1135 1012 1306 1094 aiierram,
1329 1009 1452 1076 Aelius

278 1114 452 1184 Aristides
476 1114 532 1184 his
555 1116 673 1185 verbis
696 1128 751 1184 est
775 1119 986 1205 complexus.

385 1226 480 1309 τέχνη
509 1227 577 1310 ρητ.
603 1227 638 1290 11
666 1247 698 1312 p.
724 1229 788 1292 508
812 1225 870 1312 Sp.
917 1229 936 1310 ἡ
971 1227 1031 1309 μὲν
1065 1226 1198 1309 συνεχὴς
1224 1226 1278 1290 καὶ
1304 1227 1452 1310 λελυμένη

279 1333 361 1411 λέξις
384 1335 489 1416 ἔργοις
511 1333 565 1398 καὶ
586 1335 702 1398 πάθεσι
726 1336 847 1416 πρέποι
870 1337 917 1415 ἄν,
940 1335 960 1416 ἡ
978 1333 1013 1397 δὲ
1032 1333 1115 1398 κατὰ
1138 1334 1290 1416 περίοδον
1303 1339 1373 1412 τοῖς
1388 1335 1452 1398 ἐπι-

280 1439 446 1511 δεικτικοῖς
468 1440 522 1505 ual
543 1442 722 1522 προοιμίοις
744 1441 798 1506 καὶ
821 1441 1050 1524 ἐνθυμήμασιν.

389 1545 694 1611 Perscrutantibus
733 1555 853 1612 autem
900 1544 1002 1612 nobis
1041 1545 1156 1613 varias
1194 1547 1325 1613 formas
1364 1568 1455 1613 com·

280 1649 436 1739 ponendi
468 1673 611 1718 necesse
638 1651 787 1736 videtur,
820 1676 841 1718 a
867 1651 1004 1719 minore
1036 1654 1081 1719 ad
1112 1653 1228 1719 maius
1258 1654 1454 1737 ascendere,

281 1781 302 1825 a
318 1755 505 1826 sententiis
522 1757 728 1847 simpliciter
744 1759 941 1843 exstructis
957 1759 994 1825 in
1011 1781 1159 1846 quarum
1177 1760 1455 1827 conformatione

281 1866 381 1932 nulla
412 1889 469 1933 ars
492 1865 593 1951 inest,
626 1868 671 1934 ad
694 1867 856 1954 periodos
889 1866 1037 1934 summis
1068 1866 1226 1934 artificiis
1258 1878 1454 1951 exornatas

282 1996 370 2061 quas
403 1984 444 2040 ut
467 1972 658 2062 diligenter
681 1985 914 2062 componeret,
947 1973 1020 2042 vim
1053 1974 1209 2042 efficeret
1241 1985 1277 2040 et
1300 1986 1455 2061 augeret,

281 2082 389 2150 verba
413 2092 449 2149 et
471 2083 629 2149 membra
652 2093 688 2150 et
711 2082 868 2170 cogitata
891 2083 1101 2172 disponeret,
1134 2104 1277 2169 operam
1300 2080 1454 2149 navavit.

388 2190 506 2276 Atque
519 2189 605 2256 satis
621 2200 675 2256 est
692 2212 983 2257 commemorasse
994 2187 1291 2276 simplicissimam
1306 2190 1456 2256 formam

282 2304 319 2362 et
341 2296 449 2363 verba
473 2305 509 2362 et
530 2297 689 2362 membra
713 2295 962 2382 coniungendi,
986 2297 1080 2382 quod
1104 2294 1290 2362 enuntiata
1313 2295 1456 2382 singula

282 2400 464 2488 particulis
477 2404 531 2468 καὶ
546 2413 582 2468 et
597 2405 673 2468 οὐδέ
688 2413 901 2485 asseruntur,
917 2403 1041 2468 eodem
1057 2401 1215 2468 subiecto
1232 2404 1455 2489 copulantur;

283 2530 389 2596 quam
413 2507 604 2576 dictionem
627 2507 878 2596 paratacticam
902 2519 1046 2593 veteres,
1070 2519 1111 2576 ut
1134 2507 1250 2576 verbis
1273 2509 1422 2598 Aquilae
1432 2509 1456 2598 ¹)

283 2627 376 2701 utar,
413 2616 601 2704 praecipue
638 2615 806 2684 historiae
844 2627 880 2684 et
914 2615 1141 2704 descriptioni
1176 2617 1365 2685 convenire
1399 2618 1458 2684 do-

281 2735 441 2792 cuerunt.
1186 2781 1192 2790 .

389 2830 508 2899 Aliam
539 2855 624 2900 vero
658 2834 808 2900 formam
841 2832 1076 2919 paratacticae
1111 2828 1279 2897 orationis
1312 2829 1458 2914 praebet

285 2939 443 3005 studium
451 2944 483 3023 ²),
506 2939 614 3026 priori
630 2938 828 3006 sententiae
843 2960 906 3024 per
921 2939 977 3005 καὶ
993 2935 1220 3025 posteriorem
1237 2932 1456 3019 adiungendi

284 3044 442 3113 subiecto
474 3056 622 3130 mutato,
655 3068 724 3132 qua
756 3067 850 3111 nova
882 3066 937 3109 res
968 3041 1129 3124 adicitur3
1161 3062 1230 3126 qua
1259 3038 1297 3105 in
1321 3038 1458 3110 ratione

283 3150 471 3240 praecipue
494 3150 531 3217 in
555 3149 773 3217 sententiosa
803 3148 957 3216 dictione
981 3145 1140 3214 adhibita
1170 3169 1337 3234 persaepe
1360 3145 1457 3234 prius

285 3257 511 3326 enuntiatum
543 3257 580 3323 in
605 3258 693 3323 duas
725 3267 842 3342 partes
866 3253 1045 3338 dividitur,
1079 3277 1169 3341 quae
1192 3265 1255 3322 aut
1276 3253 1458 3341 particulis

284 3361 397 3453 μὲν-δέ
419 3364 511 3434 inter
538 3388 576 3432 se
599 3374 828 3453 opponuntur
851 3372 914 3430 aut
943 3360 1012 3429 alio
1039 3364 1144 3429 modo
1167 3362 1457 3448 iuxtaponuntur.

285 3476 385 3543 velut

393 3585 520 3649 11351.
556 3583 635 3647 ὅταν
663 3579 699 3646 δὲ
727 3585 791 3644 τῶν
813 3585 938 3666 μικρῶν
972 3581 1212 3665 ἁμαρτημάτων
1245 3579 1318 3650 τοὺς
1340 3580 1458 3653 έξονει-

287 3690 421 3774 ὀιομοὺς
451 3690 589 3774 ποιῆσθε
610 3689 775 3776 μεγάλους,
809 3677 887 3752 καθ’
911 3689 1037 3753 ἑαυτῶν
1069 3687 1144 3766 τοὺς
1167 3684 1459 3768 ἔξονειδιζομένους

287 3798 476 3881 ἀπελέγχετε,
510 3797 564 3862 καὶ
597 3798 748 3880 παρέντες
771 3795 809 3860 τὸ
832 3796 988 3879 βλάπτειν
1012 3795 1198 3880 πορθοῦσιν
1220 3797 1388 3877 φανερῶς·
1424 3799 1460 3856 et

396 4031 421 4108 1)
443 4034 519 4091 rhet.
542 4033 609 4094 Lat.
636 4033 708 4090 min.
730 4051 760 4108 p.
784 4029 825 4090 27
851 4031 899 4088 ed.
922 4030 970 4096 H..
994 4031 1033 4088 de
1060 4037 1209 4106 perpetua
1238 4027 1460 4104 compositione

288 4143 380 4201 quam
404 4121 516 4181 Graeci
538 4119 620 4193 λέξιν
642 4114 810 4204 εἰρομένην
832 4129 952 4179 vocant.
1347 4157 1349 4162 -

397 4229 422 4306 ²)
447 4229 569 4287 Schmid
592 4230 766 4288 Atticlsmus
789 4227 841 4296 1V,
864 4247 894 4304 p.
907 4225 981 4288 546.
