3468 5128
646 393 866 455 ..29-

166 623 252 689 quas
298 599 334 668 in
381 599 541 670 diatribis
587 624 676 690 quae
721 612 894 671 vocantur
939 603 1179 690 frequentatas
1229 601 1338 671 fuisse

165 731 270 776 nemo
293 708 413 778 nescit
460 713 585 796 Neque
617 709 737 776 minus
769 710 814 777 ad
844 708 1018 778 rationem
1042 709 1252 797 disponendi
1276 721 1338 778 aut

166 814 407 902 coniungendi
429 817 588 884 membra
610 815 789 904 pertinent
811 817 919 884 verba
942 828 978 884 et
1000 818 1180 901 formulae,
1210 816 1338 904 quibus

168 922 396 991 continuatur
419 923 539 1008 oratio,
562 947 617 992 res
641 922 839 992 deducitur:

272 1033 399 1097 11352.
436 1033 515 1117 φέρι
539 1023 661 1100 rom
684 1034 861 1126 11355m
886 1034 996 1098 11371
1024 1033 1101 1098 ᾱιιο
1123 1034 1189 1116 μήν
1205 1033 1256 1100 Vr
1273 1035 1337 1096 aar

167 1142 251 1205 ἔστω
275 1146 361 1228 γοῦν.

274 1248 420 1312 111472.
456 1248 560 1332 εῑάῆτε
582 1249 664 1319 τίνες
686 1249 777 1328 ὄντες
798 1247 881 1332 πρὸς
902 1249 990 1319 τίνας
1003 1248 1169 1331 μάχεσθαι
1183 1247 1341 1330 μέλλομεν

167 1384 202 1408 ω
225 1355 280 1418 III
296 1356 369 1420 475.

279 1463 329 1529 IV
346 1465 419 1526 266.
454 1463 515 1547 χρὴ
540 1464 731 1529 σκέπτεσθαι
763 1462 839 1534 τοὺς
871 1463 1099 1547 διαβάλλοντας
1120 1461 1174 1526 καὶ
1196 1449 1274 1526 καθ’
1294 1460 1342 1526 ὧν

169 1599 204 1622 Ν
227 1570 278 1636 VI
298 1572 368 1635 107.
1113 1639 1115 1644 .

277 1676 357 1760 Qua
372 1698 409 1742 re
425 1675 585 1762 exposita
609 1676 776 1764 quoniam
792 1676 879 1743 satis
895 1675 1091 1742 ostendisse
1105 1673 1194 1740 mihi
1210 1673 1340 1759 videor,

167 1804 258 1870 quae
295 1782 445 1850 artilicia
481 1786 660 1871 Josephus
698 1783 735 1850 in
774 1782 987 1850 exornandis
1025 1782 1244 1849 orationibus
1282 1783 1340 1850 ad·

167 1887 330 1974 hibnerit,
354 1911 458 1976 quem
482 1889 640 1957 ordinem
664 1911 874 1977 normasque
891 1888 1137 1973 observaverit,
1161 1910 1257 1955 nunc
1273 1888 1341 1954 dis-

168 2006 324 2063 serturus
355 2019 432 2063 sum
469 1997 513 2064 de
535 1997 679 2085 reliquis
709 1996 824 2084 operis
854 1996 1014 2084 partibus
1037 1995 1137 2083 quasi
1168 2007 1339 2082 apparatu

168 2113 204 2170 et
227 2103 451 2188 ornamentis,
475 2104 519 2170 de

602 2285 910 2369 descriptionibus

168 2424 205 2492 in
229 2448 378 2513 quarum
411 2448 525 2514 genus
549 2449 636 2514 quas
668 2450 727 2513 res
757 2428 880 2496 cadere
913 2428 1070 2494 rhetores
1102 2423 1239 2514 antiqui
1271 2425 1341 2494 exi-

169 2532 399 2618 stimaverint,
432 2557 476 2600 ex
509 2534 747 2622 Hermogenis
777 2533 985 2604 definitione
1016 2533 1244 2621 intelligatur.
1284 2535 1339 2622 (ci.

169 2639 353 2708 Theonem
378 2643 469 2727 Hp.
498 2646 558 2708 118
582 2642 640 2728 Sp.
676 2642 925 2730 Aphthonium
949 2644 985 2707 II
1008 2666 1040 2730 p.
1066 2646 1115 2708 46.
1152 2640 1340 2708 Nicolaum

170 2749 309 2814 111491
337 2748 408 2836 Sp.)

277 2857 445 2942 Hermog.
463 2858 499 2922 11
516 2877 547 2942 p.
565 2860 604 2921 16
621 2857 678 2943 Sp.
714 2855 948 2948 iirrppaotciiirr
963 2858 1059 2944 λόγος
1073 2857 1341 2945 περιηγημαιικὸς

170 2964 216 3035 ὥς
239 2988 316 3052 φασι
348 2964 482 3048 ἐναργὴς
513 2965 568 3030 καὶ
598 2954 661 3029 ὑπ’
677 2965 756 3047 ὄψιν
789 2965 878 3047 ἄγων
907 2964 942 3028 τὸ
967 2964 1169 3046 δηλούμενον.
1203 2959 1341 3046 γίνονται

171 3059 200 3135 d'
213 3072 379 3159 ἐκφράσεις
411 3074 597 3156 προσώπων
629 3072 689 3155 μὲν
723 3073 770 3144 ὡς
796 3061 881 3154 παρ’
894 3070 1035 3156 Ὁμήρῳ,
1058 3071 1251 3156 πραγμάτων
1274 3071 1341 3136 οἷον

170 3179 322 3262 ἔκφρασις
343 3177 539 3262 πεζομαχίας
554 3180 608 3245 καὶ
623 3181 807 3263 ναυμαχίας,
830 3184 954 3262 καιρῶν
978 3169 1007 3242 δ’
1023 3179 1090 3243 οἷον
1106 3180 1230 3263 εἰρήνης
1246 3178 1342 3242 πολέ-

169 3308 241 3368 μου,
263 3286 370 3352 τόπων
393 3276 422 3349 ‹i'
435 3287 501 3351 οἷον
524 3287 666 3370 λιμένων
682 3287 821 3370 αἰγαλῶν
836 3287 969 3359 πόλεων,
992 3286 1120 3368 χρόνων
1136 3286 1203 3350 οἷον
1219 3281 1339 3368 ἑορτῆς.

281 3392 398 3477 Atque
421 3389 623 3480 priusquam
653 3402 904 3478 argumentum
932 3401 968 3458 et
990 3389 1162 3457 rationem
1185 3391 1342 3456 locorum

171 3497 411 3566 communium
436 3496 620 3584 attingam,
653 3521 765 3585 pauca
791 3497 880 3564 mihi
904 3499 948 3564 de
971 3499 1082 3564 forma
1105 3507 1141 3564 et
1164 3507 1341 3564 structura

171 3605 446 3692 descriptionum
478 3617 563 3672 sunt
595 3606 908 3672 commemoranda.
961 3606 1061 3689 Quae
1094 3625 1174 3670 cum
1207 3626 1228 3670 a
1261 3625 1341 3669 con-

172 3712 299 3780 tinenti
334 3711 535 3780 narratione
569 3711 604 3778 in
637 3735 706 3799 qna
740 3723 945 3801 perpetuam
981 3733 1096 3776 rerum
1131 3709 1340 3796 scriptarum

171 3819 355 3887 historiam
372 3817 616 3906 complectitur
630 3831 760 3903 auctor,
786 3829 1021 3901 secernantur,
1037 3815 1114 3882 fieri
1127 3839 1198 3883 non
1215 3827 1340 3903 potest,

172 3927 257 4015 quin
292 3949 372 3994 cum
407 3949 543 3994 conexu
571 3925 685 4013 operis
709 3925 812 3992 certis
835 3924 994 3992 iormnlis
1018 3923 1282 4010 coniungantur
1304 3935 1340 3990 et

173 4036 391 4118 cohaereant,
427 4033 554 4122 quibus
588 4031 780 4100 introducit
814 4029 1063 4114 narrationem,
1099 4053 1168 4118 quo
1202 4030 1340 4098 facilius

173 4141 332 4209 animum
355 4143 401 4208 ad
415 4164 527 4210 novas
551 4153 586 4208 et
602 4140 779 4208 inauditas
803 4161 857 4206 res
873 4139 1043 4222 advertat,
1067 4148 1129 4205 aut
1153 4138 1339 4222 concludit,

173 4258 214 4316 ut
237 4247 386 4336 scriptor
409 4259 590 4334 tamquam
613 4247 754 4334 epilogo
778 4245 862 4334 quid
885 4243 1016 4312 sentiat
1038 4244 1140 4314 dicat.
