3468 5128
688 395 909 458 ..25-

311 605 340 696 1)
386 607 494 673 1374.
530 610 601 672 οὔτε
634 609 798 692 δυστυχεῖν
826 611 900 675 οῦτε
926 608 1112 675 τοῦναντίον
1139 610 1173 673 ἐν
1195 609 1381 692 ἀνθρώποις

203 716 333 802 βέβαιον
361 704 427 780 ἀλλ’
459 712 539 782 ἔστιν
566 716 643 782 ι’δεῖν
670 714 924 806 ἐπαμειβομένην
950 718 993 788 εἰς
1020 716 1152 799 ἑκάτερα
1183 715 1243 799 τὴν
1273 716 1379 800 τύχην.

310 843 418 906 1373.
451 842 534 923 πρός
557 866 591 924 γε
613 842 678 926 μὴν
700 842 759 914 τὰς
783 843 965 925 δαιμονίους
987 841 1116 925 πληγὰς
1138 841 1273 924 ἀθυμεῖν
1297 840 1381 912 εἰκὸς

203 948 251 1033 ἦν,
273 948 309 1012 τὸ
333 939 363 1012 δ’
379 948 455 1013 αὐτὸ
477 949 559 1033 πρὸς
581 951 795 1034 ἀνθρωπίνην
818 950 937 1033 ἔφοδον
959 951 1089 1032 πάσχειν
1112 948 1285 1032 ἀνάνδρων.

312 1057 365 1122 IV
386 1057 436 1120 42.
473 1056 562 1130 ὀξεῖα
584 1054 619 1122 ἒν
641 1057 835 1140 ἀμφάτεροις
857 1057 877 1139 ἡ
900 1057 987 1140 τύχη.
1015 1057 1132 1138 ὥσπερ
1155 1055 1381 1142 ἀπειροκάλων

203 1161 243 1228 τὸ
259 1163 329 1227 λίαν
351 1163 538 1246 ἐπαίρεσθαι
559 1169 627 1234 ταῖς
647 1164 838 1246 εὐπραγίαις
859 1165 960 1234 ούτως
976 1163 1144 1246 ἀνάνδρων
1159 1161 1194 1226 τὸ
1209 1163 1379 1245 καταπτή·

205 1292 293 1336 σσειν
326 1271 359 1334 o
391 1276 455 1341 τοῖς
486 1271 665 1352 πταίσμασι.
702 1267 754 1356 (cf.
783 1269 901 1335 locum
935 1268 979 1335 de
1012 1269 1175 1334 fortunae
1208 1265 1380 1334 varietate

208 1374 245 1441 in
274 1373 404 1442 scholis
437 1373 624 1462 pertritum
656 1376 750 1462 apud
785 1374 957 1444 Senecam
991 1374 1078 1442 rhet
1108 1383 1215 1442 contr.
1245 1376 1261 1438 Ι
1287 1378 1315 1458 8,
1341 1379 1379 1440 16

205 1504 295 1549 suas.
325 1484 342 1548 I
371 1487 399 1549 9.
450 1483 608 1566 Norden,
646 1481 780 1549 Antike
819 1486 988 1569 Kunstpr.
1027 1505 1059 1570 p.
1088 1485 1161 1548 276.
1212 1483 1379 1564 Luetzen,

205 1589 249 1655 de
276 1587 432 1677 priorum
460 1588 669 1676 scriptorum
698 1600 888 1676 argenteae
917 1611 1007 1676 quae
1035 1587 1164 1656 dicitur
1192 1586 1380 1656 latinitatis

208 1694 336 1762 studiis
360 1695 557 1782 Eschwege
581 1700 698 1783 Progr.
727 1701 819 1781 1907,
843 1719 874 1784 p.
892 1698 955 1784 27.)

313 1821 361 1908 II)
408 1823 553 1888 111475.
588 1813 753 1906 Ῥωμαίων
776 1820 922 1908 ἐμπειρία
945 1821 1000 1888 καὶ
1022 1818 1115 1896 τάξις
1137 1843 1171 1868 Ν
1195 1823 1247 1889 IV
1263 1824 1314 1886 45.

316 1931 371 1992 ΙΙΙ
388 1931 461 1994 475.
492 1917 642 1994 Ἰουδαῖοι
669 1929 821 2014 τολμηταί
843 1931 897 1994 καί
923 1931 1070 1995 θανάτου
1096 1935 1379 2012 καταφρονοῦντες,

211 2024 276 2100 ἀλλ’
300 2037 487 2101 ἀσύντακτοι
510 2033 567 2101 καὶ
589 2037 740 2120 πολέμων
763 2039 895 2124 ἄπειροι.

313 2162 368 2225 ΙΙΙ
385 2164 458 2226 479.
493 2149 658 2227 Ἰουδαίων
680 2163 796 2249 ἡγεῖται
818 2163 922 2245 τόλμα
944 2162 998 2226 καί
1020 2147 1146 2248 θράσος
1167 2161 1222 2226 καί
1237 2161 1379 2236 ἀπόνοια,

205 2270 299 2353 ἡμῶν
322 2256 352 2334 δ’
369 2259 462 2356 ἀρετή
486 2267 542 2334 καί
565 2270 731 2334 εὐπείθεια
753 2269 808 2334 καί
830 2269 865 2334 τὸ
889 2275 1040 2352 γενναῖον.

210 2383 211 2390 ’
311 2377 362 2442 VI
388 2378 438 2441 39.
484 2375 521 2439 τὰ
557 2363 587 2440 δ’
609 2377 748 2460 ἡμέτερα
786 2378 967 2460 πταίσματα
1004 2383 1062 2461 τῆς
1099 2366 1265 2443 Ἰουδαίων
1297 2376 1380 2442 ἐστίν

208 2484 367 2555 ἀπονοίας.

313 2609 365 2674 IV
382 2609 432 2672 45.
467 2607 502 2672 τὸ
526 2609 765 2691 ἀπερίσκεπτον
789 2610 822 2673 ἒν
844 2609 976 2692 πολέμῳ
999 2609 1054 2673 καὶ
1069 2609 1172 2695 ὁρμῆς
1185 2597 1378 2694 μσνιῶδεςλ)

208 2715 259 2781 IV
275 2717 317 2779 45
342 2735 376 2758 Ν
398 2721 453 2798 τῆς
476 2715 576 2801 ὁρμῆς
598 2715 634 2779 τὸ
658 2716 842 2798 ἀταμίευτον
865 2717 918 2782 IV
934 2719 975 2780 44
992 2736 1027 2759 Ν
1043 2715 1126 2801 ὁρμὴ
1151 2717 1305 2794 ἄσκεπτος
1326 2715 1380 2780 καὶ

206 2823 371 2906 μανιώδης
392 2823 444 2889 VI
461 2824 525 2886 328
550 2821 650 2910 (νίκην
673 2823 818 2905 ἐγγυᾶται
841 2823 892 2889 VI
914 2824 956 2886 45
980 2843 1015 2867 Ν
1038 2821 1150 2908 1374)

314 2927 486 3015 [Ῥωμαῖοι]
512 2929 624 3012 ἔθιμον
647 2925 682 2996 ἐν
705 2930 844 3013 πολέμῳ
858 2929 894 2993 τὸ
917 2935 1041 3016 κρατεῖν
1064 2931 1187 3013 ἔχοντες
1210 2930 1260 2997 VI
1278 2931 1320 2993 38
1344 2949 1379 2972 Ν

208 3037 318 3120 ἐκείνῳ
340 3036 375 3101 τὸ
390 3042 479 3102 νικᾶν
503 3037 579 3108 ἔθος
601 3037 657 3100 ΙΙΙ
675 3039 739 3100 482
764 3036 803 3101 cf.
820 3059 852 3123 p.
870 3039 920 3102 35.

314 3157 382 3248 ΙΙΙ)
428 3163 478 3228 VI
499 3165 568 3226 110.
601 3161 678 3240 θεὸς
701 3162 773 3246 ἄρα,
799 3161 882 3240 θεὸς
905 3161 1003 3233 αὐτὸς
1025 3163 1144 3245 ἐπάγει
1168 3157 1333 3250 κάθαρσιν.

313 3287 365 3353 VI
382 3289 432 3351 39.
458 3286 496 3350 εδ
513 3275 542 3350 δ’
552 3283 685 3352 ἐκείνων
706 3287 797 3370 πάθη
812 3294 878 3358 ταῖς
891 3293 947 3351 τοῦ
962 3288 1042 3352 θεοῦ
1054 3289 1231 3370 συνεργίαις
1245 3274 1378 3361 τεύξεται.

315 3395 420 3458 1378.
456 3395 495 3459 οῦ
518 3393 738 3476 διαφεύξονται
759 3394 817 3459 τὸν
839 3396 940 3478 μέγαν
964 3383 1135 3478 ὀφθαλμὸν
1157 3401 1212 3459 τοῦ
1228 3395 1309 3460 θεοῦ
1325 3392 1379 3458 καί

206 3500 267 3583 τὴν
289 3502 438 3584 ἀνίκητον
461 3500 572 3574 δεξιάν.

315 3622 453 3708 Quibus
476 3645 496 3690 e
511 3621 597 3689 locis
621 3645 702 3690 cum
718 3647 911 3712 cognoscas
927 3627 1124 3712 Josephum
1146 3649 1218 3693 non
1236 3647 1378 3712 operam

209 3729 355 3814 dedisse,
378 3741 419 3797 nt
442 3729 479 3796 in
495 3729 751 3798 allocutionum
774 3731 1084 3820 argumentatione
1105 3734 1252 3800 modum
1267 3733 1379 3800 decla·

207 3847 384 3905 matorum
407 3836 774 3926 declamationumqne
797 3837 1008 3906 usitatarum
1031 3841 1206 3924 excedere,
1228 3839 1266 3906 in

319 4158 344 4245 ¹)
368 4163 520 4236 wolfflin,
554 4167 662 4225 Archiv
695 4165 741 4224 fsrr
774 4167 876 4225 latein.
902 4165 1071 4244 Lexikogr.:
1106 4187 1157 4227 zur
1183 4170 1377 4246 Psychologie

210 4251 274 4323 Vll,
296 4273 327 4330 p.
346 4252 406 4315 138
430 4253 512 4314 furor
532 4255 683 4332 judaicus
