3468 5128
655 339 894 450 -63-¹

396 602 450 666 καὶ
473 588 549 666 οὔτε
573 601 674 670 αἰδὼς
695 598 734 683 ἦν

473 711 549 773 οὔτε
572 707 717 791 πρόνοια

291 829 480 919 descriptio
504 829 692 917 regionum

318 942 372 1004 III
398 943 448 1006 35.
474 941 532 1005 δύο
557 931 587 1005 δ’
604 926 704 1017 ου’σας
728 938 783 1009 τὰς
808 937 986 1008 Γαλιλαίας,

473 1049 533 1130 τήν
555 1069 590 1112 τε
613 1048 680 1110 άνω
704 1046 758 1109 καὶ
780 1044 840 1127 τὴν
862 1044 976 1106 κάτω.
1001 1085 1009 1101 .
1032 1089 1039 1104 .

473 1150 631 1236 περιίσχει
653 1153 712 1235 μὲν
735 1154 754 1235 ἡ
783 1151 922 1233 Φοινίκη,

475 1258 610 1344 διορίζει
635 1249 665 1326 δ>
682 1258 745 1322 ἀπὸ
768 1256 829 1341 μὲν
853 1257 975 1326 δύσεως
997 1254 1086 1337 ἡλίου
1109 1248 1295 1334 Πτολεμαῒς,

474 1369 513 1431 τὸ
535 1368 632 1431 πάλαι
653 1367 712 1449 μὲν
736 1365 921 1437 Γαλιλαίων,

475 1481 531 1539 νῦν
555 1474 590 1538 δὲ
615 1474 738 1559 Τυρίων
763 1460 848 1556 ὅρος,

477 1579 508 1664 ᾧ
529 1582 692 1665 προσίσχει
714 1579 831 1663 Γαβαά
854 1630 861 1644 .
886 1630 892 1643 .
917 1630 923 1643 .
948 1629 954 1642 .

476 1688 540 1753 ἀπδ
563 1688 599 1753 δὲ
620 1688 822 1772 μεσημβρίας
843 1687 907 1751 κτλ.

294 1810 482 1900 descriptio
505 1833 652 1879 morum.

295 1939 331 2002 11
356 1941 429 2004 585.
475 1936 708 2025 παρανίσταταί
727 1963 771 2009 τις
794 1937 957 2020 ἐπίβουλος
980 1935 1059 2022 ἀνὴρ
1082 1933 1145 1997 ἀπὸ
1161 1931 1336 2015 Γισχάλων,

475 2046 736 2132 πανουργότατος
755 2044 814 2127 μὲν
837 2046 871 2108 ἒν
893 2041 1137 2125 πονηρεύμασιν,

477 2155 575 2236 πένης
599 2151 635 2218 δὲ
657 2158 771 2235 πρῶτα
793 2201 800 2216 .
825 2201 831 2216 .
856 2201 862 2214 .
887 2150 941 2214 καί
964 2148 1054 2231 σχὼν
1077 2147 1213 2230 κώλυμα

477 2259 608 2344 ἕτοιμος
630 2261 689 2344 μὲν
711 2259 903 2342 ψεύσασθαι

478 2368 579 2439 δεινὸς
602 2357 631 2432 δ’
648 2369 808 2452 ἐπιδεῖται
831 2363 937 2431 πίστιν
959 2370 1026 2442 τοῖς
1049 2359 1263 2445 ἐψευσμένοις,

478 2475 591 2559 ἀρετὴν
614 2477 792 2564 ἡγούμενος
814 2473 874 2557 τὴν
897 2473 1022 2556 ἀπάτην

529 2583 700 2664 καὶταύτῃ
724 2585 902 2666 χρώμενος,

477 2687 655 2767 ὑποκριτὴς
677 2685 929 2768 φιλανθρωπίας

531 2790 584 2853 καί
608 2779 648 2853 δι’
663 2787 786 2855 ἐλπίδα
801 2792 1018 2872 φονικώτατος
1040 2789 1105 2852 κτλ.
1131 2781 1134 2785 ’

296 2911 485 3002 descriptio
509 2923 702 2980 sectarum:
725 2921 729 2928 '

297 3042 333 3106 11
361 3042 431 3106 120.
479 3039 568 3107 οὗτοι
590 3041 650 3120 τὰς
672 3042 732 3125 μὲν
754 3038 874 3125 ἡδονὰς
898 3039 1168 3127 ἀποστρέφονται,

479 3149 535 3232 τὴν
558 3137 587 3215 δ’
604 3150 785 3233 ἐγκράτειαν
810 3147 921 3233 ἀρετὴν
943 3144 1236 3228 ὑπολαμβάνουσιν,

403 3256 459 3321 καί
481 3257 587 3343 γάμου
602 3287 604 3292 ’
610 3257 669 3339 μὲν
691 3257 877 3341 ὑπεροψία,

479 3363 553 3440 τοὺς
576 3363 611 3427 δὲ
634 3413 640 3427 .
666 3414 672 3427 .
696 3365 813 3433 παῖδας
835 3365 1001 3445 ἡγοῦνται,

404 3470 458 3535 καί
480 3477 544 3542 τοῖς
566 3472 677 3554 ἢδεαιν
700 3471 917 3536 ἕντυποῢσιν·

480 3577 622 3662 τὸνμὲν
645 3630 651 3644 .
676 3631 682 3644 .
707 3629 714 3644 .
739 3581 947 3666 ἀναιροῦντες,

480 3687 537 3765 τὰς
561 3687 595 3751 δὲ
618 3739 624 3752 .
649 3738 656 3752 .
680 3687 942 3770 ,φυλαττόμενοι

404 3795 459 3860 καί
480 3795 640 3878 μηδεμίαν
662 3796 864 3878 πεπεισμένοι
886 3795 992 3879 τηρεῖν
1013 3794 1126 3859 πίστιν.

300 3919 418 4002 Quam
442 3928 656 3985 structuram
678 3919 916 3984 membrorum
939 3915 1242 4003 investigantibus
1264 3914 1367 3984 nobis

193 4022 424 4110 conspicuum
459 4036 514 4092 est
535 4025 735 4113 Josephnm
762 4026 798 4091 id
821 4023 1048 4112 potissimum
1071 4023 1188 4112 egisse
1214 4035 1257 4092 ut
1279 4023 1368 4092 anti·

195 4129 328 4198 thetico
350 4132 457 4198 modo
481 4131 557 4200 sive
579 4156 663 4200 vero
686 4128 762 4200 si've
785 4131 951 4199 simulato
975 4154 1030 4200 res
1054 4131 1228 4200 divideret
1250 4142 1287 4200 et
1309 4155 1368 4220 op-

192 4248 347 4325 poneret
395 4240 500 4324 Quod
535 4239 693 4307 studium
729 4261 784 4306 res
807 4260 915 4327 quarn
938 4238 1113 4308 uberrime
1136 4237 1367 4307 exhauriendi
