3468 5128
697 365 918 436 -69-

219 582 411 669 περιβαλεῖν
456 581 570 652 αὐτοὺς
608 588 679 660 ταῖς
717 585 882 666 μεγίσταις
920 589 1102 668 συμφοραῖς
1140 581 1404 667 ὁμολογούμενόν

222 687 305 755 ἔστιν
337 697 402 753 τοῖν
435 688 626 771 πασχόντων
660 690 845 773 ἁμάρτημα.
894 691 946 756 διὸ
980 691 1034 756 καί
1067 697 1134 762 τοῖς
1160 690 1220 773 μίν
1244 691 1280 754 ἐκ
1302 687 1403 774 τιίχης

224 793 404 862 πταίουσιν
428 792 520 873 ἔλεος
543 797 658 860 ἕπεται
680 797 758 879 μετὰ
783 800 977 880 συγγνώμης
992 798 1191 882 κάπικουρία,
1216 804 1283 868 τοῖς
1299 798 1334 861 δὲ
1349 795 1401 862 διὰ

101 905 105 912 ’
221 903 278 986 τὴν
312 905 422 967 αὐτοῖν
456 899 611 985 ἀβουλίαν
634 903 757 974 ὄνειδος
779 905 991 987 κάπιτίμησις
1013 905 1288 978 συνεξακολοοθεί
1308 903 1401 988 παρὰ

221 1016 286 1080 τοῖς
310 1008 346 1076 εὗ
369 1007 567 1093 φρονοῦσιν.)

400 1202 448 1268 de
472 1202 595 1267 rebus
619 1200 939 1288 virtutibusque
961 1200 1229 1268 militaribus,

331 1330 366 1391 II
384 1330 493 1395 35516.
529 1330 548 1411 ἡ
573 1327 634 1410 γάρ
657 1331 761 1415 ντεῖρα
783 1335 841 1412 τῆς
864 1328 1007 1399 δουλείας
1028 1329 1157 1410 χαλεπή,
1180 1328 1236 1392 καί
1257 1329 1402 1413 περὶτοῦ

220 1436 305 1519 μηδὲ
328 1434 491 1520 ἄρξασθαι
522 1431 641 1518 ταύτης
672 1436 691 1499 ὁ
724 1436 813 1518 ἀγὼν
836 1436 971 1506 δίκαιος.
1018 1436 1037 1499 ὁ
1066 1423 1095 1498 δ’
1112 1436 1207 1508 ἅπαξ
1230 1435 1403 1517 χειρωθείς

222 1545 338 1608 ἔπειτα
361 1538 582 1629 ἀφιστάμενος
605 1538 776 1626 αὐθάδης·
809 1543 922 1613 δοῦλός
945 1543 1031 1608 ἔστιν
1054 1543 1092 1607 οὐ
1116 1537 1344 1628 φιλελείθερυς
1366 1567 1402 1598 ω

225 1650 259 1720 V.
275 1651 347 1713 365.
881 1657 883 1662 ’

331 1757 477 1820 111149.
513 1756 690 1839 οὐδὲνγὰρ
714 1753 856 1840 ἀνάγκης
881 1755 915 1820 ἐν
936 1756 1068 1842 πολέμῳ
1091 1759 1332 1842 μαχιμώτερον.

332 1863 387 1926 III
405 1865 478 1928 209.
514 1863 608 1928 οὐδὲν
643 1863 702 1948 γάρ
730 1864 946 1947 ἀλκιμώτερον
983 1864 1062 1927 εἶναι
1097 1869 1155 1944 τῆς
1184 1864 1403 1944 ἀπογνώσεως

222 1996 259 2026 ω
284 1971 429 2034 111271.

331 2077 458 2140 11582.
495 2077 696 2142 διοικεῖσθαι
719 2077 778 2160 γὰρ
801 2073 956 2141 κάλλιστα
977 2075 1053 2145 τοὺς
1075 2075 1244 2158 πολέμους
1264 2063 1340 2160 παρ’
1356 2075 1403 2146 οἷς

224 2184 264 2247 ἀν
287 2184 416 2265 ἀγαθὸν
448 2185 487 2249 τὸ
522 2183 672 2262 συνειδὸς
694 2185 812 2266 ἔχωσιν
838 2179 960 2260 πάντες
984 2184 1015 2247 οἱ
1037 2181 1291 2264 στρατευόμενοι,
1325 2181 1403 2252 τοὺς

223 2289 260 2354 δὲ
283 2292 411 2356 οἴκοθεν
433 2288 576 2375 φαύλους
600 2293 638 2355 οὗ
658 2291 762 2375 μόνον
783 2297 848 2369 τοῖς
870 2291 1017 2355 ἐπιοῦσιν
1041 2290 1169 2373 ἐχθροῖς
1192 2288 1272 2354 ἀλλά
1287 2289 1342 2354 καί
1355 2294 1402 2372 τῷ

223 2398 297 2480 θεῷ
320 2400 462 2481 χρῆσθαι
483 2401 637 2482 πολεμίῳ.

204 2587 209 2596 Ι
333 2506 478 2569 111204.
514 2507 612 2571 καλὸν
635 2503 781 2572 εὐκλείαν
804 2491 1151 2587 ἀντικαταλλαξάμενον
1177 2510 1232 2568 τοῦ
1255 2505 1327 2585 βίου
1349 2504 1403 2568 καί

224 2606 384 2691 δράσαντά
406 2635 440 2675 τι
463 2619 606 2691 γενναῖον
628 2609 674 2682 εἰς
695 2616 826 2695 μνήμην
849 2615 1011 2694 ὀψιγενῶν
1035 2617 1155 2675 πεσεῖν.

336 2715 367 2778 V
382 2715 431 2777 79.
466 2716 598 2796 μάλιστα
634 2717 668 2780 δὲ
689 2717 763 2787 τοὺς
786 2720 819 2781 ἐν
842 2719 908 2781 ἔθει
930 2718 1107 2790 συντάξεως
1134 2717 1227 2785 ὄντας
1249 2715 1303 2778 καί
1324 2715 1402 2796 μετὰ

224 2821 350 2903 κόσμου
385 2821 438 2884 καὶ
473 2822 733 2904 παραγγέλματος
766 2824 913 2905 πολεμεῖν
946 2822 1067 2893 εἰδότας
1101 2823 1214 2895 ἀταξία
1248 2821 1402 2904 φθάσασα

225 2929 367 3011 θορυβεῖ.

337 3036 440 3099 1509.
474 3035 704 3118 μαλακωτέρας
735 3035 796 3118 γάρ
819 3037 959 3117 γίνεσθαι
980 3035 1036 3105 τὰς
1057 3035 1177 3118 τόλμας
1199 3035 1333 3098 πάθεσιν
1356 3035 1401 3098 οί-

224 3144 321 3213 κείοις
342 3144 592 3225 περισπωμένας.

335 3249 476 3313 111495.
513 3249 607 3312 οὐδὲν
630 3249 690 3332 γάρ
713 3255 778 3313 τῶν
799 3249 947 3332 μεγάλων
970 3249 1054 3331 φιλεῖ
1074 3249 1146 3332 δίχα
1170 3249 1319 3313 κινδύνου
1342 3272 1401 3312 κα-

225 3357 424 3439 τορθοῦσθαι
445 3382 481 3412 ω
503 3356 537 3422 V
549 3357 622 3420 501.

334 3463 389 3526 III
403 3465 475 3527 478.
511 3463 669 3545 κατορθοῖ
689 3462 724 3526 δὲ
745 3462 818 3533 τοὺς
840 3463 999 3544 πολέμους
1022 3463 1060 3525 οδ
1075 3461 1200 3544 πλῆθος
1215 3460 1403 3542 ἀνθρώπων

226 3572 287 3634 κᾶν
309 3569 331 3653 ᾖ
352 3571 503 3653 μάχιμον,
526 3570 654 3652 ἀνδρεία
678 3570 713 3634 δὲ
734 3571 796 3633 κᾶν
818 3571 852 3632 ἐν
874 3569 995 3650 ὀλίγοις.

533 3764 618 3848 περὶ
641 3765 822 3848 διαβολῆς
844 3763 907 3827 καί
929 3763 1091 3845 φθόνου.

335 3890 361 3953 Ι.
393 3895 498 3954 πᾶσαν
536 3891 661 3953 εὔνοιαν
698 3889 752 3954 καλ
785 3889 880 3972 φύσιν
914 3888 1020 3951 κόπτει
1054 3886 1186 3970 διαβολὴ
1221 3886 1275 3950 καί
1309 3885 1403 3951 οὐδὲν

226 3999 330 4068 οὕτως
362 4003 427 4061 τῶν
461 3998 597 4080 ἀγαθῶν
618 4003 741 4063 παθῶν
763 3997 893 4080 ἰσχυρὸν
916 3999 935 4060 ὃ
961 4001 1008 4078 τῷ
1031 3994 1149 4078 φθόνῳ
1170 3996 1264 4078 μέχρι
1286 3994 1403 4066 παντὸς

225 4104 354 4187 ἀντέχει.
388 4103 442 4187 (cf.
459 4101 603 4171 Stobaei
627 4103 803 4169 ec1.1155
826 4131 862 4161 ω
885 4103 948 4188 79.)

336 4211 440 4275 1208.
474 4213 640 4296 ἀμήχανον
663 4213 697 4276 ἓν
716 4212 900 4294 εὐπραγίαις
922 4209 976 4274 τὸν
995 4210 1121 4293 φθάνω
1145 4209 1316 4292 διαφυγεῖν.
