3468 5128
856 389 1059 452 ..6-

483 603 667 686 Quantum
677 621 781 687 porro
791 601 970 693 Josephus
986 597 1163 667 doctrinas
1179 599 1320 667 scholae
1335 598 1383 667 sit
1394 608 1546 684 secutus,

373 710 430 777 vel
459 707 542 774 inde
564 717 683 796 potest
705 706 879 796 cognosci,
903 708 997 795 quod
1019 706 1117 775 illam
1146 704 1437 774 consuetudinem
1446 711 1468 786 ¹)
1491 728 1546 774 res

377 815 412 882 in
438 826 623 902 utramque
645 825 783 904 partem
806 813 980 883 tractandi
1015 824 1051 882 et
1085 813 1245 883 vertendi
1269 813 1409 902 saepius
1433 813 1547 881 obser-

375 922 482 991 vavit.
506 923 613 992 Unde
627 922 672 990 fit
686 933 727 990 ut
743 944 956 1010 quamquam
971 921 1149 1010 scriptoris
1165 919 1276 1008 ipsius
1292 910 1455 988 derebus
1471 942 1547 988 sen·

376 1028 525 1097 tentiam
559 1027 758 1117 intelligere
790 1051 862 1097 non
893 1051 1090 1117 possumus,
1125 1039 1243 1096 tamen
1275 1050 1330 1095 res
1361 1037 1398 1095 et
1429 1049 1547 1095 rerum

376 1159 499 1206 causas
522 1160 544 1206 a
566 1135 714 1206 diversis
736 1136 895 1225 personis
919 1147 955 1205 et
977 1135 1084 1206 variis
1106 1135 1302 1204 rationibus
1318 1133 1495 1223 expositas
1512 1144 1548 1203 et
1663 1211 1669 1220 ⁸

378 1245 572 1313 illustratas
594 1243 801 1313 videamus..

484 1354 746 1439 Argumentum
776 1361 896 1421 autem
919 1350 1119 1419 orationum
1151 1372 1223 1418 non
1251 1351 1356 1417 modo
1380 1349 1547 1418 suasoriis

377 1457 586 1544 continetur,
609 1460 672 1526 sed
696 1457 803 1526 etiam
825 1457 914 1526 libro
929 1458 1043 1546 primo
1066 1481 1121 1526 res
1144 1456 1325 1526 iudiciales
1349 1456 1497 1545 attingit
1511 1466 1548 1524 et

377 1565 547 1654 oppositis
577 1589 637 1633 reo
661 1565 847 1653 Antipatro
879 1565 954 1633 filio
986 1577 1023 1633 et
1050 1576 1251 1634 accusatore
1280 1566 1423 1653 Herode
1448 1575 1547 1652 patre

377 1671 491 1765 λόγους
522 1671 708 1757 δικανικούς,
745 1683 781 1741 et
804 1663 1037 1764 οἷπολογητικὸν
1064 1682 1100 1740 et
1128 1671 1344 1764 κατηγορικόν,
1377 1671 1546 1760 producit.

378 1781 448 1850 Sed
477 1802 558 1847 cum
585 1804 629 1847 ex
653 1778 870 1848 orationibus
893 1779 979 1868 ipsis
1002 1803 1133 1868 paucos
1155 1781 1251 1848 locos
1275 1782 1407 1865 aflerat,
1440 1778 1500 1867 qui
1516 1779 1548 1846 ei

381 1890 426 1956 ad
450 1899 542 1956 artes
565 1889 777 1955 exercendas
800 1899 836 1955 et
859 1888 996 1955 animos
1011 1889 1267 1978 permovendos
1283 1886 1456 1975 aptissimi
1473 1909 1549 1954 esse

381 1997 601 2080 videbantur,
629 1995 974 2083 argumentationem
998 2006 1125 2082 autem,
1158 2018 1248 2083 quae
1270 1994 1307 2062 in
1332 1995 1549 2062 orationibus

380 2101 602 2170 iudicialibus
634 2102 780 2172 maximi
811 2103 976 2193 ponderis
1010 2114 1072 2189 est,
1103 2101 1244 2170 omittat
1271 2112 1308 2170 et
1338 2102 1549 2190 neglegat2),

379 2211 408 2298 (1
433 2215 505 2276 629.
529 2201 676 2296 Ἡρώδης
703 2214 809 2278 ἔνευσε
831 2209 984 2300 Νικολάῳ
1017 2211 1076 2278 τινὶ
1107 2206 1167 2284 τὰς
1201 2201 1384 2290 ἀποδείξεις
1417 2210 1548 2300 λέγω),

324 2356 326 2362 -
380 2315 528 2382 dubium
562 2339 639 2384 esse
672 2315 847 2402 videatur,
888 2328 1008 2384 utrum
1041 2319 1109 2384 hae
1143 2315 1318 2383 orationes
1352 2315 1479 2403 liguris
1514 2325 1550 2382 et

380 2421 614 2508 incrementis,
647 2422 914 2510 gradationibus
945 2434 981 2491 et
1003 2421 1337 2511 amplificationibus
1361 2433 1550 2489 exornatae

380 2540 487 2618 atque
501 2529 695 2598 instructae
710 2552 826 2598 rerum
841 2531 959 2598 indole
980 2542 1016 2620 et
1031 2541 1207 2597 structura
1221 2529 1337 2616 magis
1352 2531 1550 2597 naturalem

381 2637 627 2726 eloquentiam,
660 2661 770 2726 quarn¹
795 2661 900 2706 causa
923 2649 958 2705 et
981 2639 1129 2705 affectus
1152 2638 1341 2726 postulent,
1374 2661 1418 2704 an
1444 2635 1550 2704 artili-

382 2744 512 2812 ciosam
534 2745 722 2813 redoleant.
771 2749 940 2814 Attamen·
960 2746 1141 2830 nonnulla,
1165 2767 1255 2833 quae
1279 2767 1359 2818 cum
1383 2741 1550 2810 doctrinis

381 2853 562 2921 rhetorum
578 2852 813 2938 consentiunt,
836 2853 895 2920 hic
911 2852 1063 2938 afferam,
1087 2876 1133 2920 ne
1147 2850 1327 2940 praeteriri
1347 2849 1548 2949 videantur:

490 2999 507 3060 I
532 3001 706 3062 622-628
730 2993 825 3080 λόγος
846 2995 1058 3085 κατηγορικός.

489 3123 506 3184 Ι
531 3123 594 3185 622
619 3118 837 3207 prooemium
867 3143 911 3186 ex
934 3131 1136 3186 accusatore
1159 3129 1195 3186 et
1216 3117 1332 3186 iudice
1360 3127 1548 3206 sumptum.

384 3226 543 3293 Herodes
565 3224 839 3292 misericordiam
862 3225 987 3294 iudicis
1010 3225 1181 3315 implorat.

494 3512 518 3600 ²)
542 3518 580 3578 cf.
598 3518 823 3592 Hermogenem
847 3519 919 3595 llp
939 3518 1043 3582 19314.
1061 3521 1108 3596 Sp.
1130 3522 1181 3596 qui
1201 3521 1411 3598 quaestionem
1428 3527 1550 3582 tractat:

383 3599 441 3671 ἐὰν
463 3603 524 3688 μὲν
547 3600 721 3706 γράφωμεν
743 3603 951 3687 πολεμεῖν-
965 3597 1022 3670 ἐὰν
1045 3606 1080 3672 δὲ
1094 3608 1305 3690 moloonia
1321 3621 1353 3668 et
1367 3610 1551 3686 Thucydidis

385 3706 605 3774 poetarumque
634 3681 807 3775 ἀντιλογίας
834 3706 865 3756 et
888 3717 925 3756 ex
952 3717 1008 3756 usu
1031 3700 1232 3776 sophistarum
1255 3700 1426 3758 Polemonis
1449 3701 1550 3759 decla·

384 3787 543 3844 mationes.

492 3891 515 3968 2)
539 3911 724 3969 quamquam
748 3895 836 3952 hac
828 3914 859 3952 ιιι
881 3913 914 3952 re
938 3897 1030 3954 etiam
1054 3897 1083 3953 in
1107 3896 1218 3954 scholis
1241 3915 1334 3973 saepe
1355 3899 1467 3973 pariter
1482 3917 1550 3956 esse

386 3988 487 4039 actum
511 3983 628 4040 Seneca
650 3984 753 4040 rhetor
775 3985 907 4042 ostendit
922 3989 1068 4062 (controv.
1083 3985 1126 4043 IX
1148 3985 1242 4061 praes.
1257 3985 1270 4042 I
1287 3986 1419 4058 Norden,
1442 3989 1551 4046 Antike

386 4071 532 4147 Kunstpr.
549 4091 579 4147 p.
596 4070 686 4148 273):
711 4073 763 4148 qui
791 4074 1045 4133 declamationem
1068 4083 1164 4150 parat,
1187 4075 1291 4132 scribit
1313 4095 1372 4135 non
1397 4085 1429 4136 ut
1451 4078 1552 4135 vincat

386 4160 440 4218 red
463 4168 496 4218 ut
517 4161 653 4236 placeat:
678 4162 780 4218 omnia
795 4163 898 4239 itaque
919 4165 1069 4222 lenocinia
1089 4165 1251 4240 conquirit:
1276 4167 1551 4242 argumentationes

386 4249 456 4325 quia
479 4251 627 4309 molestae
651 4258 772 4310 suntet
795 4252 950 4311 minimum
974 4255 1087 4312 habent
1109 4253 1190 4314 floris
1212 4255 1362 4330 relinquit
