3468 5128
657 417 875 480 ...27-

287 628 318 713 l)
352 630 369 694 I
386 631 459 694 378.
488 631 544 696 ἴτω
559 655 603 701 τις
618 631 678 712 οὐχ
693 628 772 713 ὑπὲρ
788 628 939 712 γυναικὸς
954 617 1025 695 οὐδ’
1041 629 1129 713 ὑπὲρ
1144 629 1263 695 τέκνων
1279 618 1350 694 οὐδ’

176 736 257 821 ὑπὲρ
288 737 533 827 κινδυνευούσης
568 737 724 820 πατρίδος
747 725 813 800 ἀλλ’
837 737 924 820 ὑπὲρ
951 743 1016 801 τῶν
1037 737 1206 820 πρέσβεων
1228 737 1349 820 ἀμυνό-

176 868 273 928 μενος
295 865 330 888 Ν
354 845 406 912 IV
425 846 495 926 191,
518 845 552 911 V
568 846 641 926 418,
666 844 792 908 11400.
839 843 894 927 (cf.
919 842 963 908 de
986 842 1098 908 forma
1121 851 1157 908 et
1173 850 1349 908 structura

177 947 302 1022 Livius
320 953 371 1033 21,
395 954 446 1033 41,
474 954 513 1015 16
537 947 597 1015 alii
621 946 775 1035 saepius:
800 947 1043 1036 unusquisque
1066 971 1104 1014 se
1127 969 1199 1014 non
1223 969 1349 1036 corpus

176 1057 236 1124 sed
262 1055 451 1143 coniugem
474 1078 515 1122 ac
537 1055 665 1122 liberos
688 1079 816 1144 parvos
839 1054 945 1144 armis
968 1066 1153 1143 protegere
1175 1053 1297 1144 putet.)

284 1164 316 1252 2)
356 1166 372 1228 Ι
391 1168 463 1230 379.
500 1165 765 1251 προκινδυνεύσω
786 1164 879 1252 κάγὼ
894 1166 1058 1249 χρώμενος
1074 1165 1147 1247 ὑμῖν
1162 1165 1350 1248 πειθηνίοις

177 1293 211 1318 Ν
235 1273 291 1338 ΙΙΙ
315 1275 388 1338 483.
1128 1307 1131 1313 ·

283 1381 336 1448 IV
362 1383 432 1446 191.
455 1381 681 1467 προστήσομαι
707 1379 736 1443 δ’
754 1378 819 1462 ἐγὼ
842 1379 955 1466 γνώμῃ
979 1377 1087 1443 τεκαὶ
1109 1378 1195 1463 χειρί.

283 1489 335 1554 IV
351 1490 401 1552 48.
435 1489 634 1572 πειράσομαι
658 1475 687 1551 δ’
704 1485 769 1570 ἐγὼ
792 1487 939 1572 καθάπερ
961 1492 1018 1551 νῦν
1040 1483 1101 1552 ἐπὶ
1124 1481 1231 1570 πάσης
1245 1486 1351 1570 μάχης

176 1595 339 1680 προάγειν
361 1618 398 1661 τε
421 1596 515 1678 ὑμῶν
537 1590 584 1666 εἷς
605 1594 681 1666 τοὺς
704 1594 880 1677 πολεμίους
902 1593 955 1658 καί
974 1593 1143 1672 τελευταῖος
1162 1593 1349 1680 ἀποχωρεῖν.

177 1700 232 1785 (οἱ.
257 1700 301 1766 δε
324 1709 535 1786 argumento
559 1698 647 1765 illud
671 1697 862 1772 Livianum
886 1703 937 1782 21,
962 1704 989 1766 4.

284 1805 466 1873 Hannibal
482 1805 644 1894 princeps
660 1804 697 1872 in
711 1805 882 1893 proelium
893 1804 976 1890 ibat,
990 1804 1137 1872 ultimus
1150 1805 1350 1890 excedebat,

286 1913 329 1979 de
352 1914 464 1980 forma
487 1911 646 1998 Thucyd.
671 1915 704 1982 V
720 1917 749 1997 9,
777 1917 824 1980 10.
850 1916 914 1998 ἐγώ
936 1939 968 1979 τε
989 1913 1081 1994 δείξω
1105 1917 1144 1980 οὗ
1165 1916 1351 1998 παραινέσαι

178 2023 244 2094 οἷός
265 2045 299 2088 τε
322 2023 370 2086 ὤν
392 2023 512 2105 μᾶλλον
534 2026 603 2100 τοῖς
624 2022 724 2100 πέλας
747 2025 766 2105 ή
790 2019 847 2086 καὶ
871 2021 965 2093 αὐτὸς
988 2023 1073 2105 ἔργῳ
1096 2019 1297 2107 ἐπεξελθεῖν.)

285 2126 420 2212 Quodsi
445 2148 567 2194 omnes
590 2125 766 2194 orationes
788 2127 943 2194 multum
965 2126 1146 2211 haberent,
1170 2148 1239 2214 quo
1258 2125 1351 2194 inter

177 2257 215 2302 se
239 2233 487 2317 consentirent,
511 2232 673 2321 repetitio
697 2231 893 2302 dictionum
917 2244 953 2302 et
968 2234 1155 2302 verborum
1170 2231 1350 2300 interdum

179 2363 252 2408 non
288 2351 362 2408 tam
396 2341 441 2408 ad
476 2338 632 2430 inopiam
666 2341 918 2408 vocabulorum
958 2339 1263 2428 cogitatorumque
1297 2351 1351 2408 est

177 2449 375 2516 revocanda
398 2469 504 2535 quam
528 2449 572 2514 ad
596 2445 754 2514 studium

654 2681 874 2765 disponendi

179 2835 215 2892 et
254 2822 495 2910 coniungendi
529 2822 690 2912 singulas
724 2834 851 2910 partes.
908 2827 1009 2908 Quae
1043 2827 1155 2892 forma
1190 2847 1270 2892 cum
1305 2827 1350 2893 ad

179 2929 340 3019 singulos
374 2933 469 2998 locos
498 2929 817 3018 argumentationis
845 2930 1045 3020 pertinebat
1074 2955 1095 2998 a
1122 2931 1244 2999 multis
1272 2931 1350 3000 aliis

179 3037 406 3125 scriptoribus
416 3037 437 3126 ¹)
469 3040 654 3106 observata
683 3048 759 3105 tum
786 3037 823 3105 in
848 3037 998 3126 epilogis
1021 3037 1262 3126 adhibebatur,
1290 3039 1350 3128 qui

179 3147 287 3213 verba
309 3145 478 3234 prooemii
502 3145 685 3234 excipiunt
709 3156 745 3212 et
767 3157 933 3233 repetunt
1387 3129 1390 3136 ¹

286 3255 431 3318 111363.
467 3254 564 3319 καλὸν
596 3255 657 3340 γὰρ
692 3256 725 3320 ἐν
758 3257 887 3342 πολέμῳ
921 3257 1076 3340 θνήσκειν
1103 3257 1181 3321 ἀλλὰ
1209 3257 1350 3339 πολέμου

179 3362 272 3445 νόμῳ
305 3358 462 3427 τουτέστιν
496 3361 560 3426 ὑπὸ
587 3368 655 3427 τῶν
681 3363 884 3446 κρατούντων
912 3371 947 3427 et
971 3366 1034 3428 365
1058 3364 1157 3429 καλὸν
1180 3364 1241 3446 γὰρ
1263 3363 1350 3446 ὑπὲρ

179 3476 238 3553 τῆς
254 3465 443 3553 ἐλευθερίας
460 3470 684 3553 ἀποθνήσκειν
699 3492 733 3514 Ν
758 3473 888 3538 379181.
922 3471 991 3552 (ΙΙΙ
1009 3475 1084 3538 364.
1108 3468 1233 3556 ήλίθιον
1248 3477 1351 3536 ταῦτα

182 3577 261 3664 δρᾶν
283 3597 318 3621 Ν
335 3579 407 3640 381.
440 3575 667 3662 ήλιθιώτερον.)

287 3684 338 3750 IV
357 3686 426 3748 163.
461 3683 605 3766 ήκαλδν
628 3683 668 3767 ήν
690 3686 760 3767 ἐμοι
782 3686 933 3750 τεθνάναι
956 3706 990 3729 Ν
1014 3687 1154 3753 IV'190.
1279 3701 1281 3708 ’

287 3792 322 3854 II
347 3793 419 3855 346.
454 3797 512 3874 τῆς
534 3790 626 3880 ἐνίων
648 3793 862 3876 κακοβουλίας
884 3813 918 3836 Ν
942 3793 1068 3857 11399.

286 3899 337 3964 VI
354 3899 404 3962 36.
440 3897 539 3963 καλὸν
562 3898 595 3962 ἐν
617 3897 752 3981 πολέμῳ
774 3900 897 3982 τελευτή
921 3920 956 3942 Ν
979 3899 1030 3966 VI
1048 3901 1098 3964 46.

291 4097 312 4174 ¹)
337 4096 374 4154 cf.
407 4108 439 4156 ut
471 4097 649 4174 scriptorem
682 4115 822 4157 sermone
849 4099 1055 4174 moribusque,
1083 4108 1184 4159 aetate
1213 4099 1349 4158 humani·

182 4193 305 4262 tateqne
330 4187 484 4244 dissonum
507 4187 672 4254 nominem,
695 4187 912 4262 Antiphontem
936 4187 1070 4263 (Reuter‚
1093 4190 1350 4264 Beobachtungen
1439 4257 1441 4268 Ι

181 4293 232 4332 zur
253 4275 392 4334 Technik
415 4277 470 4334 des
492 4278 527 4340 A.
553 4275 684 4334 Hermes
707 4275 759 4344 39.
782 4277 847 4338 348
871 4273 1050 4363 Stichwort).
