3468 5128
814 395 1034 461 -14-

346 605 479 697 positas
514 612 554 680 L,
584 607 866 698 Friedlaende11)
900 619 993 677 recte
1028 605 1301 685 demonstravit,
1335 605 1519 674 exornatio

345 727 465 783 autem
481 715 518 782 in
536 715 705 804 exemplis
722 727 758 783 et
772 715 1049 806 propinquarum
1072 727 1109 784 et
1122 726 1337 784 remotarum
1353 713 1517 802 gentium

347 823 520 909 explicate
551 823 666 890 allatis
689 834 857 891 versatur.
904 822 974 890 Hic
997 823 1093 891 enim
1124 823 1226 890 illum
1256 824 1374 890 locum
1397 845 1418 888 a
1440 821 1517 887 rhe-

348 929 482 997 toribus
521 952 687 1019 persaepe
720 929 892 998 usitatum
928 930 1144 1016 invenimus,
1183 929 1243 1019 qui
1276 928 1314 996 id
1352 927 1438 1016 agit,
1476 937 1518 994 ut

347 1036 517 1125 exemplis
541 1060 647 1125 quam
669 1036 829 1128 plurimis
854 1038 1042 1106 cumulatis
1069 1038 1307 1106 subiectarum
1329 1035 1516 1104 nationum

345 1143 631 1231 magnitudinem
664 1144 801 1235 imperii
837 1144 989 1214 Romani
1023 1145 1075 1234 (id
1109 1147 1202 1234 quod
1237 1144 1275 1212 in
1309 1143 1516 1212 celebrando

348 1250 558 1338 imperatore
579 1254 773 1320 Menander
802 1248 864 1326 τὰς
885 1251 1020 1342 πράξεις
1049 1251 1257 1320 nominabat
1286 1262 1322 1318 et
1344 1271 1518 1318 commen-

350 1359 471 1447 dabat)
488 1358 660 1448 depingat
682 1371 718 1429 et
733 1361 911 1449 quandam
927 1358 1181 1427 sublimitatem
1197 1357 1334 1426 efficiat
1381 1357 1517 1428 Eadem

348 1488 432 1533 vero
446 1465 711 1534 enumeratione
727 1465 802 1534 sive
818 1478 923 1534 aucta
938 1465 1013 1534 sive
1027 1464 1166 1533 minuta
1183 1463 1368 1552 Polybium
1384 1475 1420 1532 et
1435 1463 1517 1531 Dio-

348 1573 490 1658 nysium
511 1572 822 1640 Halicarnasseum
846 1584 882 1640 et
896 1572 1037 1640 Aelium
1052 1571 1243 1640 Aristidem
1263 1583 1300 1640 et
1314 1571 1518 1662 Appianum

347 1702 419 1746 non
442 1681 548 1747 modo
575 1679 612 1747 in
640 1678 867 1765 orationibus,
903 1681 964 1747 sed
991 1678 1099 1746 etiam
1121 1678 1158 1746 in
1185 1677 1403 1769 praefatione
1426 1677 1517 1746 aliis·

347 1810 414 1875 que
457 1787 571 1876 operis
612 1787 772 1876 partibus
815 1809 891 1854 esse
929 1809 1012 1854 usos
1051 1785 1177 1854 Kaibel
1189 1788 1215 1875 ²)
1253 1784 1519 1869 demonstravit,

347 1895 474 1983 quibus
495 1897 623 1964 addere
645 1893 750 1964 liceat
770 1893 860 1962 mihi
877 1893 1061 1962 Philonem
1085 1895 1192 1982 (quod
1215 1895 1302 1961 deus
1325 1893 1373 1961 sit
1394 1891 1519 1958 immu-

348 2004 465 2071 tabilis
491 2009 673 2070 173-176.
803 2007 833 2071 εἰ
862 2003 899 2071 δέ
932 2005 976 2088 μὴ
1011 2005 1113 2075 θέλεις
1145 2003 1204 2074 τὰς
1225 2009 1290 2068 τῶν
1316 2001 1397 2068 κατὰ
1419 1999 1519 2087 μέρος

347 2114 531 2199 ἀνθρώπων
569 2115 721 2188 ἐξετάζειν
757 2113 868 2195 τύχας,
911 2117 1030 2196 χωρῶν
1068 2111 1153 2176 ὅλων
1190 2107 1247 2176 καὶ
1285 2111 1394 2175 ἐθνῶν
1432 2108 1519 2191 πρὸς

346 2221 381 2285 ιδ
416 2219 450 2284 εὗ
485 2218 542 2286 καὶ
575 2225 680 2304 χεῖρον
712 2219 901 2304 μεταβολάς.
951 2219 1095 2302 ἤκμασέν
1127 2242 1203 2282 ποτε
1232 2219 1252 2300 η
1283 2215 1406 2288 Ἑλλάς,
1441 2216 1518 2278 ἀλλὰ

347 2327 539 2399 Μακεδόνες
571 2327 649 2411 κτλ.)
683 2323 743 2411 qui
781 2322 944 2412 producit
982 2327 1104 2388 Persas
1140 2322 1288 2387 Parthos
1321 2320 1518 2406 Aegyptios

348 2431 540 2518 Aethiopes
564 2428 816 2517 Carthaginem
839 2428 991 2514 Libyam
1015 2433 1168 2495 Pontum
1191 2427 1372 2516 Europam
1396 2425 1517 2492 Asiam

347 2540 402 2606 καὶ
430 2541 587 2606 συνελόντι
618 2540 738 2623 φράσαι
768 2543 876 2604 πᾶσαν
905 2539 964 2623 τὴν
994 2538 1192 2621 οἰκουμένην,
1225 2545 1261 2602 et
1291 2534 1517 2600 Plutarchum

346 2649 414 2736 περὶ
435 2655 490 2733 τῆς
508 2648 676 2732 Ῥωμαίων
698 2646 794 2730 τύχης
817 2649 881 2710 317
906 2643 943 2710 F.
978 2647 998 2730 ἡ
1025 2645 1109 2729 Τύχη
1132 2645 1363 2710 καταλιποῦσα
1386 2645 1519 2725 Πέρσας

347 2757 401 2821 καλ
423 2745 610 2840 Ἀσσυρίους
628 2754 835 2820 Μακεδόνων
850 2751 911 2837 μέν
927 2753 1050 2842 ἐλαφρὰ
1067 2753 1170 2836 διέστη
1187 2753 1241 2816 καὶ
1255 2752 1380 2834 ταχέως
1395 2749 1518 2812 ἀπεσεί-

349 2886 426 2930 σατο
447 2852 653 2949 Ἀλέξανδρον
675 2861 731 2928 καλ
754 2851 794 2926 δι’
808 2862 973 2945 Αἰγύπτου
996 2861 1052 2926 καὶ
1073 2861 1195 2941 Συρίας
1216 2856 1436 2939 περιφέρουσα
1457 2858 1516 2934 βα-

349 2972 451 3041 σιλέας
475 2971 626 3035 διώδευσε
649 2970 702 3034 καὶ
717 2969 957 3052 Καρχηδονίους
979 2968 1174 3055 στρεφομένη
1195 2963 1344 3030 πολλάκις
1366 2960 1517 3041 ἐβάστασε

349 3085 385 3141 et
408 3079 471 3141 323
497 3075 666 3141 F.-324
691 3078 732 3140 D.
768 3105 803 3128 ω
824 3072 1003 3158 Josephus
1030 3069 1065 3134 in
1095 3070 1156 3134 illa
1183 3065 1342 3132 oratione
1365 3061 1516 3148 obliqua,

349 3204 438 3268 quae
466 3179 669 3248 summatim
697 3189 949 3266 argumentum
976 3172 1181 3264 panegyrici
1209 3169 1336 3258 repetit
1364 3181 1404 3238 et
1427 3191 1517 3236 corn-

348 3287 513 3376 plectitur

454 3399 488 3465 V
504 3393 576 3462 367.
612 3398 784 3481 μεταβῆναι
818 3394 878 3478 γάρ
901 3391 982 3477 πρὸς
1005 3389 1120 3468 αὐτοὺς
1142 3390 1309 3455 πανιόδεν
1330 3389 1389 3472 τὴν
1411 3389 1516 3471 τύχην,

351 3505 507 3570 καὶκατὰ
540 3506 634 3576 ἐδνος
663 3503 721 3569 τὸν
743 3501 824 3568 θεὸν
846 3501 1077 3584 ἐμπεριάγοντα
1103 3498 1159 3580 τὴν
1182 3497 1280 3584 ἀρχὴν
1302 3503 1359 3560 νῦν
1389 3495 1439 3560 ἐπὶ
1461 3501 1518 3577 τῆς

346 3615 478 3694 Ἰταλίας
500 3615 584 3679 εἶναι.

457 3722 539 3785 Huc
563 3739 701 3805 quoque
732 3725 894 3803 spectant
922 3710 1033 3778 oratio
1061 3708 1217 3778 Caesaris
1246 3729 1352 3795 quam
1376 3704 1517 3773 Cassius

351 3825 419 3893 Dio
446 3824 555 3913 fingit
582 3824 645 3915 (38,
670 3826 761 3892 37l8l
790 3832 825 3889 et
847 3819 1004 3890 Velleius
1033 3819 1237 3884 Paterculus
1260 3818 1277 3880 I
1302 3819 1321 3880 6
1350 3825 1386 3881 et
1412 3835 1517 3899 pane-

461 4063 484 4141 1)
508 4063 598 4122 index
613 4064 682 4120 lect.
694 4062 861 4138 Regimont
881 4057 963 4120 1873
981 4058 1019 4119 cl.
1032 4055 1254 4115 Domaszewaki
1270 4054 1324 4114 Rh.
1335 4054 1411 4109 Mus.
1424 4047 1517 4118 1892,

439 4198 445 4212 .
470 4151 489 4214 2
515 4153 544 4214 7.

351 4152 393 4216 47
417 4173 437 4231 p
460 4153 640 4345 ²)0Hermes
655 4258 712 4316 XX
726 4278 755 4335 p.
769 4257 843 4319 497.
866 4257 981 4332 Dionys
995 4275 1022 4312 v.
1037 4253 1192 4312 Halikarn.
1207 4253 1269 4310 und
1293 4249 1342 4308 die
1358 4245 1517 4324 Sophistik.
