3468 5128
666 440 886 501 ..37-

187 649 368 739 drapaivrro
404 641 482 714 ἀλλὰ
512 651 637 734 σωροῖς
668 649 890 733 ἐπιβαίνοντες
924 651 955 716 οἱ
987 655 1177 733 στρατιῶται
1205 647 1370 735 σωμάτων

193 784 229 814 ω
253 758 356 821 1130.

301 883 352 948 VI
370 884 479 949 27214.
515 877 648 970 συνήχει
664 884 684 966 ἡ
701 878 792 966 φλόξ,
809 869 939 971 συνήχει
953 906 990 948 τε
1005 881 1133 966 Περαία
1148 883 1204 947 καλ
1225 875 1264 948 τιλ
1280 883 1371 966 πέριξ

188 991 254 1074 -ὅρη
282 991 461 1074 βαρυτέραν
487 995 642 1054 ποιοῦντα
671 980 728 1077 τὴν
755 990 837 1073 βοήν
864 1016 899 1046 ω
922 987 976 1053 III
1000 991 1065 1053 250
1090 987 1142 1075 (ci.
1168 988 1263 1055 Curt.
1289 987 1369 1053 Ruf.

193 1097 251 1160 111
279 1099 327 1178 10,
352 1099 371 1158 2
402 1093 561 1160 redditur
589 1094 728 1177 clamor,
756 1092 851 1180 iugis
873 1091 1050 1160 montium
1073 1093 1254 1180 vastisque
1276 1092 1372 1161 salti-

187 1203 261 1268 bus
289 1200 525 1289 repercussus)
554 1210 590 1268 et
617 1199 706 1266 illud
730 1199 911 1273 Leonidae
937 1199 1078 1287 saepius
1105 1202 1205 1268 velut
1232 1224 1254 1268 a
1278 1200 1372 1269 Cice·

193 1331 280 1375 rone
306 1307 411 1374 Tusc.
441 1310 457 1372 Ι
486 1312 543 1374 101
581 1318 894 1375 commemoratum
928 1307 1143 1376 tralaticium
1175 1309 1268 1395 quod
1302 1311 1371 1381 Lu-

194 1415 318 1482 cianus
346 1422 412 1504 ῥητ.
443 1413 569 1483 ὄιόιίσνι.
594 1419 633 1481 18
663 1417 682 1481 ὁ
708 1417 796 1500 ἥλιος
818 1409 882 1483 ὑπὸ
905 1421 969 1482 τῶν
990 1416 1153 1500 Μηδικῶν
1167 1418 1280 1508 βελῶν
1303 1441 1372 1481 σκε-

188 1527 311 1590 πέσθω
339 1521 465 1606 illudit,
495 1546 516 1589 a
540 1521 652 1590 Suida
679 1544 819 1609 quoque
846 1543 871 1589 s,
895 1546 926 1589 v.
953 1525 1149 1608 ὑπετέμνετο
1178 1522 1326 1588 allatum
1350 1545 1371 1589 a

191 1629 328 1699 Suidae
355 1639 391 1696 et
419 1653 440 1696 a
462 1628 612 1718 Josephi
641 1627 834 1696 editoribus
862 1630 1066 1716 neglectum
1094 1629 1201 1696 vertit
1224 1628 1372 1718 scriptor

192 1735 232 1803 in
257 1759 361 1802 suum
385 1759 490 1803 usum
513 1735 611 1803 hisce
633 1734 765 1804 verbis:
789 1739 975 1828 ἀφιεμένων
998 1731 1062 1803 ἀπὸ
1083 1739 1294 1822 συνθήματος
1307 1742 1372 1802 τῶν

189 1847 300 1930 βελῶν
322 1839 357 1910 τὸ
383 1852 456 1934 φῶς
478 1844 685 1929 ὑπετέμνετο
709 1846 765 1909 111
782 1847 855 1910 265.
866 1845 888 1930 ¹)

305 1967 444 2052 Quibus
481 1967 567 2034 locis
599 1966 770 2057 expositis
802 1977 912 2035 restat
941 1977 982 2035 ut
1013 1968 1143 2034 addam
1174 1967 1372 2055 Josephum

191 2073 450 2162 descriptiones
484 2073 709 2141 obsidionum
742 2085 778 2142 et
804 2095 1009 2162 pugnarum
1035 2079 1204 2163 παρέργοις
1229 2073 1372 2142 insertis

190 2192 234 2249 et
256 2180 529 2248 narratiunculis
552 2179 689 2249 variare
713 2180 840 2266 conari,
863 2180 1061 2270 interrupta
1076 2180 1278 2249 narratione
1293 2180 1372 2249 aliis

190 2287 361 2377 pugnis2)
385 2299 449 2356 aut
471 2287 612 2376 proeliis
636 2287 877 2376 singularibus
900 2311 972 2356 non
992 2290 1098 2356 modo
1118 2287 1194 2356 Titi
1210 2287 1373 2376 Vespasi-

196 2395 257 2462 ani
290 2395 489 2463 celebrandi
517 2419 623 2463 causa
651 2397 713 2463 sed
741 2396 849 2465 etiam
878 2399 1121 2464 Romanorum
1149 2395 1373 2484 singulorum

191 2513 234 2570 et
255 2504 474 2588 Judaeorum
499 2514 562 2571 aut
584 2515 625 2572 ut
648 2527 703 2571 res
726 2525 789 2592 per
812 2513 970 2591 tempora
985 2503 1178 2592 ordineque
1193 2514 1235 2571 ut
1250 2513 1373 2591 gestae

194 2621 283 2677 sunt
304 2621 536 2698 persequatur
559 2622 622 2678 aut
644 2621 685 2678 ut
707 2609 903 2679 variatione
926 2610 1064 2678 animos
1087 2611 1245 2678 delectet

304 2739 430 2822 Neque
445 2733 619 2801 minorem
635 2755 777 2821 operam
792 2735 829 2801 in
847 2734 1099 2822 descriptiones
1114 2734 1227 2820 famis,
1253 2734 1372 2822 pestis,

197 2842 401 2909 morborum
425 2842 634 2926 conferebat,
667 2863 758 2928 quae
784 2853 820 2910 et
842 2841 879 2908 in
904 2841 1064 2909 diatribis
1087 2863 1178 2929 quae
1199 2852 1373 2910 vocantur

188 2940 190 2946 ’
197 2970 365 3036 persaepe
388 2971 465 3016 esse
481 2959 632 3017 tractata
655 2961 691 3017 et
714 2948 950 3018 arhetoribus
972 2948 1009 3015 iu
1026 2947 1156 3016 scholis
1180 2969 1261 3016 cum
1276 2947 1373 3016 Thu·

197 3055 335 3142 cydidis
369 3055 569 3125 imitatione
602 3057 713 3144 pestis
748 3067 825 3124 tum
859 3054 1171 3124 exercitationibus
1205 3066 1309 3124 aucta
1337 3065 1373 3124 et

193 3161 415 3250 amplificata
438 3165 620 3253 constat.³)

310 3435 331 3516 ¹)
355 3437 394 3501 cf.
418 3438 552 3509 Ausfeld‚
575 3441 853 3499 Alexanderroman
876 3441 905 3498 11
928 3439 967 3502 16
983 3461 1014 3518 p.
1032 3439 1073 3501 72
1091 3449 1122 3499 et
1138 3458 1155 3499 e
1171 3441 1373 3516 posteriorum

194 3528 402 3603 sophistarum
425 3546 552 3587 numero
576 3531 654 3588 hauc
678 3529 951 3588 conformationem

306 3635 461 3694 Himerius
477 3637 553 3694 eccl.
565 3637 593 3693 V
606 3636 641 3701 3:
664 3635 710 3717 μή
722 3657 779 3718 μοι
795 3629 896 3700 νίκτα
908 3637 1008 3700 ποιεῖ
1021 3628 1079 3721 τὴν
1094 3631 1219 3717 ἡμέραν
1232 3636 1305 3711 τοῖς
1319 3633 1372 3716 βέ-

197 3720 292 3802 λεσιν,
314 3720 389 3829 μηδ’
414 3723 627 3834 ὑποτρεχέτω
649 3715 708 3788 τὸν
729 3723 818 3807 ἥλιον
839 3724 940 3833 νέφος
964 3724 1000 3788 ἐκ
1022 3729 1087 3788 τῶν
1108 3723 1214 3831 βελῶν
1236 3728 1291 3828 τοῖς
1313 3727 1374 3832 σῇς

198 3830 582 3982 Ξτρέρρέιραρτεσυχκειμενον
615 3820 652 3877 et
679 3832 726 3877 or.
750 3813 786 3876 11
814 3813 856 3876 25
879 3835 941 3879 rou
963 3813 1051 3896 ἡλίου
1072 3812 1220 3892 τοξευων
1241 3835 1277 3877 το
1301 3835 1384 3921 quoe

310 4009 335 4087 ²)
361 4011 480 4069 obsidio
515 4011 679 4088 jotapatae
713 4011 757 4069 111
783 4010 967 4082 110-339,
1002 4009 1150 4071 Gamalae
1184 4011 1226 4069 IV
1258 4009 1374 4081 1-83,

200 4099 481 4175 Hierosoiymorum
505 4100 599 4165 vtvl.

310 4201 337 4289 ³)
361 4206 511 4285 [Dionys]
535 4206 629 4288 τέχνη
654 4228 684 4284 ρ.
703 4207 764 4270 120
787 4209 841 4267 Us.
864 4206 899 4270 αἱ
920 4201 1118 4289 καλούμεναι
1140 4201 1312 4294 ἐκφράσεις
1334 4193 1373 4269 τὸ

197 4293 369 4376 πολλαχοῦ
392 4285 446 4359 τὸν
467 4299 613 4376 χειμῶνα
635 4295 767 4381 γράφειν
788 4293 843 4358 καλ
864 4294 996 4378 λοιμοὺς
1018 4296 1072 4360 καί
1086 4290 1203 4379 λιμοίς.
