3468 5128
758 413 979 474 ..59-

284 622 319 688 V
342 624 370 686 5.
414 630 478 687 aut
512 619 687 688 adiectiva
722 617 828 690 ὀεινόν
867 623 927 709 γὰρ
963 625 1014 691 IV
1038 627 1094 706 3¹3
1133 620 1261 689 deinde
1296 624 1331 688 δὲ
1364 624 1464 690 velut

284 725 431 812 σημαίνει
455 728 612 797 olV51.
659 737 759 797 ταῦτα
783 731 1001 797 otV11184.
1050 728 1150 810 πόλις
1173 730 1209 797 δὲ
1233 732 1339 796 1321.
1387 731 1464 814 ἡδὲ

285 837 446 926 φιλοτιμία
469 837 525 899 III
550 839 605 918 313
639 845 716 902 tum
747 838 832 903 οὕτω
857 839 892 901 11
917 841 959 902 42
984 847 1020 902 et
1043 825 1148 916 οὗτοςε
1175 833 1278 926 πατὴρ
1300 827 1343 922 ἦν
1368 824 1464 916 οὗτος

285 943 337 1008 VI
357 946 426 1008 137.
463 939 616 1028 denique
632 941 837 1025 asyndetica
853 941 990 1009 ratione
1012 933 1163 1016 Ἐσσαῖος
1186 935 1225 1034 ἦν
1241 948 1331 1033 γένος
1354 947 1461 1011 1342.

393 1049 464 1117 Sed
499 1047 705 1137 priusquam
744 1050 788 1116 de
827 1049 1093 1116 enuntiatorum
1131 1061 1308 1117 structura
1341 1049 1463 1137 paucis

287 1155 466 1240 disseram,
501 1154 803 1242 breviloquentiae
836 1155 1020 1223 cuiusdam
1053 1158 1215 1245 exempla
1249 1179 1464 1244 quamquam

285 1261 402 1349 magis
436 1261 474 1329 in
509 1285 564 1329 res
600 1262 849 1349 grammaticas
885 1264 1018 1330 cadunt
1052 1264 1359 1331 commemoranda
1387 1287 1463 1330 esse

286 1367 453 1437 videntur
487 1372 587 1438 velut
622 1373 674 1440 IV
697 1375 761 1436 252
797 1424 804 1438 .
833 1424 840 1438 .
869 1424 875 1438 .
904 1423 911 1438 .
936 1423 942 1438 .
979 1375 1009 1438 εἰ
1038 1374 1097 1456 μὲν
1131 1375 1229 1457 ἡμᾶς,
1265 1373 1462 1439 εἰπάτωσαν.

286 1478 337 1545 VI
366 1481 436 1545 120.
473 1481 503 1545 εί
523 1480 558 1544 δὲ
579 1480 624 1564 μὴ
636 1479 657 1566 ¹)
683 1490 719 1545 et
746 1477 878 1566 ellipsis
902 1477 1000 1546 verbi
1032 1473 1120 1554 εἶναι,
1153 1500 1244 1565 quae
1277 1477 1465 1565 praecipue

286 1581 324 1649 in
348 1583 567 1652 sententiosa
590 1584 749 1653 oratione
772 1585 961 1670 invenitur,
989 1588 1138 1672 περισσὸς
1160 1587 1221 1676 γὰρ
1244 1588 1325 1671 ὑπὲρ
1347 1595 1403 1654 τοῦ
1426 1588 1463 1652 τὰ

288 1693 403 1758 δέοντα
425 1697 528 1760 ποιεῖν
545 1701 608 1766 πᾶς
627 1695 723 1777 λόγος
745 1696 872 1760 11345.
897 1703 933 1760 et
952 1693 989 1759 in
1007 1691 1302 1780 descriptionibus
1325 1715 1464 1759 morum

287 1808 323 1864 et
351 1809 526 1866 sectarum
557 1810 593 1866 et
623 1799 822 1886 regionum3
855 1800 967 1866 rarius
996 1811 1116 1867 autem
1148 1799 1217 1866 alia
1244 1801 1352 1867 verba
1380 1809 1465 1866 sunt

287 1907 484 1992 supplenda
515 1910 551 1972 II
582 1912 654 1973 627.
693 1913 857 1994 προσεῖχεν
892 1909 946 1994 [se.
976 1909 1034 1973 τὸν
1066 1906 1150 1992 νοῦν]
1185 1909 1236 1974 VI
1261 1911 1334 1972 343.
1372 1908 1465 1972 πάλιν

288 2017 319 2079 οῖ
344 2017 487 2099 πολέμιοι
514 2004 676 2090 Ἰουδαῖοι,
710 2016 765 2080 καὶ
795 2018 960 2100 πρεσβεῖαι
994 2016 1043 2079 ἐπί
1069 2021 1270 2099 νεωτερισμῷ
1303 2015 1465 2100 περίβολοι

289 2123 323 2186 δὲ
338 2125 447 2206 κοινοί
470 2125 578 2194 στάσις
600 2124 653 2188 καὶ
668 2120 852 2206 φιλονεικία,
876 2119 932 2186 cui
949 2120 1110 2206 exemplo
1134 2118 1253 2186 affinis
1277 2129 1331 2185 est
1346 2117 1464 2205 figura

289 2227 466 2314 ζεύγματος
489 2250 596 2315 quam
618 2227 798 2314 Josephus
822 2227 975 2294 adhibet.

395 2339 501 2404 1414.
538 2339 693 2422 ἀνέθηκεν
714 2344 752 2422 τῇ
774 2335 836 2421 μὲν
859 2336 995 2420 ἐπαρχίᾳ
1018 2337 1078 2420 τὴν
1098 2337 1197 2419 πόλιν,
1220 2343 1284 2408 τοῖς
1306 2337 1405 2421 ταύτῃ
1429 2336 1464 2401 δὲ

288 2445 506 2529 πλοϊζομένοις
538 2446 593 2510 τὸν
626 2447 744 2530 λιμένα,
779 2446 916 2530 Καίσαρι
945 2446 1057 2529 δὲτὴν
1091 2446 1183 2530 τιμὴν
1204 2452 1261 2511 τοῦ
1284 2447 1463 2529 κτίσματος.

288 2551 415 2616 11506.
450 2554 697 2627 κατασκευάζειν
720 2554 835 2618 ἑαυτὸν
858 2555 1011 2636 δακρύοις
1032 2552 1090 2618 καί
1111 2554 1231 2635 ἐσθῆτι.

396 2671 535 2754 Quibus
569 2673 674 2738 rebus
697 2674 897 2758 praemissis
928 2685 1038 2741 restat
1060 2684 1102 2741 ut
1125 2676 1168 2740 de
1198 2674 1464 2740 enuntiatorum

289 2787 466 2845 structura
489 2775 566 2864 ipsa
590 2777 775 2864 disputem.
823 2783 948 2864 Neque
971 2779 1008 2845 in
1033 2780 1152 2846 animo
1178 2781 1292 2846 habeo
1315 2779 1463 2866 Josephi

289 2895 401 2952 artem
425 2882 599 2952 scribendi
624 2895 660 2951 et
682 2886 841 2951 membra
863 2885 1096 2972 componendi
1121 2909 1202 2952 cum
1224 2885 1361 2953 ratione
1385 2909 1464 2952 con-

289 2990 464 3060 formandi
493 2993 537 3059 ab
561 2990 639 3058 aliis
663 2990 891 3078 scriptoribus
920 2991 1080 3059 adhibita
1104 3015 1304 3081 comparare
1333 2993 1465 3080 (quam-

290 3121 397 3187 quam
411 3098 501 3166 mihi
517 3111 571 3167 est
586 3121 801 3187 persuasum,
817 3100 1014 3186 Josephum
1030 3099 1090 3186 qui
1107 3097 1143 3165 in
1156 3101 1261 3166 rebus
1271 3099 1464 3167 tractandis

289 3227 361 3274 non
385 3208 491 3274 modo
508 3207 686 3275 doctrinas
709 3208 889 3273 rhetorum
915 3206 1100 3274 sedetiam
1124 3209 1285 3295 exempla
1309 3218 1344 3274 et
1359 3229 1465 3274 usum

291 3313 505 3380 tralaticium
533 3313 743 3401 scriptorum
775 3313 878 3380 nobis
905 3313 1168 3401 deperditorum
1195 3313 1352 3400 priorum
1380 3325 1465 3380 tem-

289 3443 415 3507 porum
439 3421 641 3489 observavit
672 3432 709 3488 et
739 3419 970 3505 continuavit,
1002 3421 1155 3486 multum
1187 3421 1230 3486 ad
1255 3419 1464 3487 elocutionis

290 3527 583 3615 periodorumque
622 3526 887 3616 compositionis
921 3529 1052 3614 gradus
1081 3525 1181 3614 quasi
1214 3537 1250 3593 et
1281 3547 1464 3613 processus

290 3634 462 3721 paulatim
485 3646 643 3702 mutatos
666 3633 918 3721 intelligendos
942 3648 978 3702 et
993 3635 1236 3723 explanandos
1258 3655 1362 3720 posse
1386 3655 1465 3698 con-

290 3742 422 3826 ferreo,
445 3741 652 3829 praesertim
676 3764 756 3810 cum
779 3741 965 3829 scriptores
990 3742 1097 3808 huius
1121 3739 1248 3808 aetatis
1271 3737 1374 3806 nobis
1398 3762 1465 3805 ser-

401 3947 583 4042 1)Ἀττικαὶ
616 3958 768 4040 ἐλλείψεις
802 3962 895 4019 schol.
922 3962 1073 4037 Aristoph.
1108 3963 1182 4018 Plut.
1217 3959 1291 4020 469.
1341 3959 1464 4018 Schmid

291 4068 380 4126 Attio.
403 4067 537 4129 111328.

400 4170 427 4256 2)
450 4175 644 4234 Wilamovitz
669 4176 908 4234 commentariol.
924 4184 1080 4251 grammat.
1098 4175 1142 4232 111
1165 4176 1225 4233 ind.
1246 4177 1315 4233 lect.
1332 4173 1465 4248 Gotting.

295 4261 388 4330 1889,
411 4284 440 4339 p.
460 4263 509 4325 19.
