3468 5128
855 379 1076 449 ...18-

378 593 495 666 nullos
518 595 704 685 scriptores
727 599 939 665 enumerabo
963 596 1170 687 scriptaque,
1194 619 1283 686 quae
1306 593 1413 666 variis
1436 619 1547 687 epar-
1618 672 1625 680 ,
1711 613 1712 634 ¹

377 704 472 772 tibus
511 703 787 795 propositionem
830 705 1059 792 disputabant
1097 716 1203 792 atque
1240 706 1369 772 iterum
1406 704 1548 772 iterum-

377 833 446 900 que
474 811 699 880 disserebant.
747 816 830 879 Huc
864 823 1026 900 spectant
1058 811 1140 881 illae
1173 813 1313 880 fabulae
1347 811 1384 879 in
1419 811 1547 900 quibus

377 920 494 987 locum
532 918 656 986 mortis
703 918 924 988 voluntariae
963 919 1063 1007 quasi
1102 917 1291 987 artificium
1335 917 1547 986 narrationis

378 1038 415 1094 et
453 1025 592 1093 firmam
626 1025 835 1116 particulam
869 1026 978 1094 fuisse
1010 1037 1105 1094 recte
1139 1038 1194 1094 est
1227 1027 1507 1094 demonstratum
1516 1029 1547 1110 ¹),

377 1135 448 1201 huc
463 1133 612 1222 Vergilii
628 1133 716 1201 illud
731 1137 817 1202 Aen.
830 1137 881 1204 VI
898 1140 963 1201 440
979 1145 1015 1202 et
1027 1134 1166 1222 Hygini
1183 1133 1402 1202 enumeratio
1418 1155 1547 1218 earum,

378 1263 468 1328 quae
490 1265 528 1308 se
551 1240 648 1328 ipsae
667 1241 918 1310 interfecerunt
938 1242 1016 1329 (fab.
1034 1241 1119 1330 243),
1135 1239 1478 1328 declamationesque
1494 1245 1546 1307 Ps.

379 1348 591 1434 Quintiliani
599 1348 623 1438 ²)
658 1359 764 1436 atque
792 1347 971 1436 Calpurnii
1000 1348 1075 1438 (20),
1110 1347 1285 1436 equibus
1312 1370 1390 1415 eam
1413 1370 1486 1414 rem
1509 1347 1546 1413 in

378 1457 558 1525 rhetorum
602 1479 741 1544 quoque
780 1455 908 1524 scholis
947 1454 1129 1543 pertritam
1169 1455 1278 1522 fuisse
1317 1477 1389 1522 non
1428 1454 1547 1521 minus

378 1574 496 1651 potest
518 1563 684 1650 cognosci
701 1586 806 1651 quam
823 1587 867 1630 ex
882 1563 951 1629 illis
966 1562 1169 1652 praeceptis,
1193 1577 1283 1650 quae
1297 1561 1548 1650 posterioribus

380 1670 596 1758 temporibus
623 1672 742 1738 rhetor
769 1671 1003 1757 complectens
1026 1680 1186 1738 veterum
1210 1671 1371 1757 exempla
1394 1668 1548 1756 collegit:

486 1779 675 1865 Emporius
708 1779 751 1844 de
775 1777 951 1844 deliberat.
989 1777 1136 1845 materia
1161 1778 1263 1845 Rhet.
1288 1781 1364 1851 Lat.
1388 1776 1471 1844 min.
1496 1777 1547 1858 ed.

381 1887 491 1954 Halm
507 1908 538 1972 p.
552 1889 661 1971 57214,
685 1884 818 1973 „posita
833 1884 880 1952 sit
895 1884 1100 1952 deliberatio
1117 1885 1330 1973 Lucretiae³)
1347 1907 1391 1951 an
1408 1895 1550 1972 propter

380 1994 517 2061 illatum
541 1991 608 2059 sibi
632 2003 793 2081 stuprum
817 2003 928 2060 semet
952 1991 1088 2060 occidat
1110 2045 1237 2061 ......
1263 1991 1474 2080 generaliter
1496 2001 1550 2058 est

380 2101 569 2168 dicendum
595 2111 746 2167 mortem
769 2111 832 2166 aut
854 2099 998 2167 omnino
1022 2101 1154 2167 bonum
1179 2123 1255 2167 esse
1278 2110 1341 2166 aut
1364 2110 1456 2166 certe
1478 2121 1549 2164 ma-

380 2211 455 2274 lum
488 2229 560 2274 non
596 2230 684 2292 esse3
720 2218 756 2274 et
788 2208 900 2274 vitam
932 2229 1004 2274 non
1037 2207 1105 2274 nisi
1138 2207 1237 2275 salva
1264 2208 1451 2273 honestate
1474 2227 1550 2272 esse

381 2316 587 2398 ducendam,
616 2325 651 2381 et
678 2313 874 2401 specialiter
900 2316 1032 2380 multas
1055 2316 1122 2381 hoc
1145 2316 1252 2380 fortes
1283 2324 1318 2380 et
1345 2312 1481 2380 nobiles
1504 2315 1550 2380 fe-

379 2421 495 2488 minas
528 2420 665 2488 dedisse
683 2421 828 2507 ¹gloriae
859 2443 958 2498 suae;
991 2431 1029 2487 at
1060 2443 1104 2487 ex
1135 2421 1243 2487 altera
1273 2431 1373 2508 parte
1400 2431 1550 2486 mortem

380 2527 546 2619 ultimum
568 2529 702 2595 malum
726 2550 802 2604 esse
825 2538 861 2594 et
883 2539 1011 2594 natura
1034 2551 1055 2594 a
1076 2526 1248 2614 petitione
1263 2529 1440 2594 humanae
1455 2549 1551 2592 men-

382 2637 427 2704 tis
451 2635 606 2704 alienum
630 2637 674 2703 ab
697 2634 782 2723 ipsis
807 2636 1064 2722 quodammodo
1088 2633 1195 2702 etiam
1211 2634 1278 2701 diis
1293 2633 1550 2701 immortalibus
1600 2695 1602 2700 .

330 2830 332 2834 ,
382 2743 569 2811 adcelerari
593 2743 772 2812 vetitum.“

489 2850 627 2936 Quibus
650 2851 820 2939 exemplis
840 2874 930 2938 qnae
946 2852 1042 2918 haud
1057 2849 1248 2918 difficulter
1262 2847 1384 2935 augeri
1400 2856 1550 2933 possunt
1659 2844 1663 2850 ’

382 2958 582 3048 praemissis
610 2959 712 3026 facile
740 2959 998 3026 animadvertes
1021 2958 1218 3044 Josephum
1241 2976 1380 3043 quoque
1403 2952 1439 3018 in
1464 2963 1549 3018 trac-

384 3067 492 3133 tanda
519 3067 586 3132 hac
614 3065 819 3152 quaestione
846 3087 918 3131 non
948 3076 1021 3131 tarn
1050 3063 1086 3129 id
1110 3061 1225 3148 egisse
1248 3071 1289 3127 ut
1312 3059 1442 3125 diceret
1465 3056 1549 3146 quid

383 3171 537 3257 sentiret,
561 3195 668 3258 quam
691 3182 731 3238 ut
753 3169 936 3239 rhetoricis
960 3171 1093 3238 artibus
1117 3168 1325 3254 indulgeret.

489 3281 751 3367 Argumentum
779 3289 898 3344 autem
926 3276 1094 3344 orationis
1123 3297 1229 3362 quam
1258 3285 1379 3342 contra
1401 3284 1549 3340 mortem

383 3387 620 3455 voluntariam
649 3384 775 3453 habuit
806 3383 889 3471 ipse,
923 3385 990 3472 (ΙΙΙ
1015 3383 1091 3472 362)
1120 3381 1279 3448 formulis
1303 3381 1492 3448 Platonicis
1516 3389 1552 3446 et

359 3489 361 3494 ’
384 3493 597 3564 dictionibus
620 3503 829 3560 exornatum
845 3514 920 3558 esse
936 3512 1149 3578 quamquam
1165 3500 1325 3578 apertum
1341 3498 1403 3573 est,
1431 3500 1549 3556 tamen

385 3624 466 3668 eum
500 3624 572 3668 non
606 3612 679 3668 tam
711 3623 732 3666 a
767 3600 913 3666 Platone
950 3597 1027 3685 ipso
1060 3620 1183 3664 causas
1221 3595 1408 3664 deduxisse
1446 3615 1551 3682 quam

384 3707 628 3796 philosophiae
650 3705 810 3794 populari
834 3706 959 3772 debere
981 3704 1094 3773 multa
1114 3716 1150 3772 et
1165 3705 1306 3772 scholae
1322 3701 1448 3772 studiis
1464 3702 1552 3770 arbi-

496 3892 517 3971 1)
540 3893 656 3961 Rhode,
680 3895 734 3950 der
757 3893 867 3968 griecb.
890 3892 1008 3951 Roman
1032 3891 1074 3952 80
1098 3892 1117 3949 f.
1144 3891 1214 3959 111,
1239 3890 1267 3950 2.
1296 3890 1421 3957 Heinze,
1444 3889 1551 3964 Virgils

387 3983 511 4112 epischp
533 3983 671 4133 {qqhnik
693 4002 723 4059 p.
750 3979 820 4050 135,
848 3981 918 4050 129,
942 3983 1072 4040 Hermes
1096 3980 1147 4047 34.
1170 4001 1200 4056 p.
1224 3979 1313 4040 497².

406 4164 408 4168 ’
495 4066 522 4244 ³3
546 4161 584 4238 de
608 4117 668 4237 qua
684 4161 863 4237 quaestione
876 4162 1078 4219 declamatum
1096 4177 1163 4218 esse
1180 4159 1382 4227 Quintilianus
1399 4156 1424 4212 V
1445 4155 1493 4224 10,
1513 4154 1551 4216 10

387 4258 615 4310 commemorat.
1020 4275 1022 4279 ·
1190 4275 1194 4282 ⁴
