3468 5128
684 386 883 450 -5„

198 598 307 688 ponit,
336 608 475 666 utnon
504 596 667 665 videatur
695 596 931 664 necessarium
954 597 1103 664 eandem
1126 594 1369 683 quaestionem

198 715 346 772 tractare
370 715 405 773 et
429 704 610 792 explicare,
634 705 695 772 sed
719 704 804 772 satis
828 726 967 771 summa
990 705 1128 771 afferre:

303 815 450 898 πόλεμον
476 815 578 896 μέγαν
606 845 640 867 ω
667 813 809 896 πόλεμον
834 815 996 900 μέγιστον.
1025 801 1224 895 ἀκμάζοντες
1252 841 1286 864 Ν
1310 814 1368 878 ἄκ-

196 918 301 1008 μάζον
325 923 394 987 14.
428 922 547 1005 κίνησις
569 915 633 1010 γὰρ
655 924 736 1004 αὕτη
759 921 888 1004 μεγίστη
913 921 1032 1003 ἐγένετο
1053 949 1088 972 ω
1111 921 1281 1006 γενομένου
1305 909 1368 1002 γὰρ

195 1031 347 1117 μεγίστου
370 1029 464 1094 τοῦδε
486 1025 670 1117 κινήματος.
695 1031 756 1093 Ι4.

304 1135 418 1201 Multo
456 1134 599 1201 maioris
639 1145 759 1201 autem
792 1132 963 1201 momenti
998 1142 1098 1200 erant
1131 1131 1168 1200 in
1203 1130 1367 1200 omnibus

198 1241 361 1328 operibus
384 1240 557 1308 rhetorice
579 1239 760 1328 perpolitis

688 1457 877 1526 orationes

200 1621 287 1686 quas
309 1596 494 1665 historicos
518 1596 711 1665 narrationi
728 1599 771 1665 ab
788 1597 961 1666 Herodoti
977 1595 1267 1685 Thucydidisque
1284 1609 1368 1666 tem-

196 1705 341 1793 poribus
369 1703 558 1772 inseruisse
587 1715 733 1790 constat,
763 1707 804 1772 ¹ut
832 1704 1011 1772 interdum
1038 1704 1254 1792 frequentior
1282 1727 1368 1772 usus

198 1837 219 1880 a
241 1811 422 1880 nonnullis
445 1811 711 1899 vituperaretur.
721 1812 746 1900 ¹)
793 1814 890 1896 Quas
914 1811 1089 1879 orationes
1113 1811 1221 1879 etiam
1237 1811 1273 1880 in
1290 1814 1366 1879 rhe-

197 1930 313 1987 torum
341 1917 470 1986 scholis
498 1919 795 1987 declamationum
823 1919 894 1986 ritu
922 1941 999 1986 esse
1022 1929 1197 2005 tractatas,
1222 1941 1302 1986 cum
1325 1930 1366 1987 ut

195 2048 424 2114 personarum
446 2049 561 2096 mores
584 2025 801 2094 illustrarent
824 2036 902 2093 tum
923 2036 965 2093 ut
988 2028 1149 2113 exempla
1165 2025 1249 2093 artis
1265 2026 1364 2114 quasi

197 2133 402 2222 epidicticae
435 2135 652 2221 praeberent,
687 2144 833 2221 apparet
867 2143 903 2200 et
931 2157 975 2200 ex
1005 2155 1072 2200 usu
1101 2144 1137 2201 et
1164 2144 1366 2202 eveterum

196 2240 407 2309 testimoniis
430 2241 529 2308 velut
551 2239 722 2307 Theonis:

300 2373 457 2433 προγυμν.
483 2370 508 2414 c.
529 2352 576 2414 10.
601 2351 637 2413 II
661 2370 694 2434 p.
716 2352 785 2413 115.
810 2348 896 2414 rhet.
922 2345 1048 2415 Graeci
1072 2347 1129 2434 Sp.

301 2458 552 2539 πρασσνποποιία
575 2454 658 2521 ἐστίν
682 2453 865 2540 προσώπου
892 2448 1123 2544 παρεισαγωγίγ
1146 2457 1366 2540 διατιθεμένου

195 2560 310 2646 λόγους
333 2560 471 2635 οἰκείους
493 2566 597 2646 ἑαυτῷ
619 2561 674 2629 καὶ
696 2571 760 2635 τοῖς
781 2565 1003 2646 ὑποκειμένοις
1018 2559 1210 2646 πράγμασιν
1226 2553 1365 2652 ἆναμφι-

195 2666 320 2756 σβήτανς
348 2661 418 2736 οἷον
420 2721 573 2738 ......
608 2673 691 2742 τίνας
719 2664 760 2735 ἃν
786 2667 901 2753 λόγους
930 2670 1108 2754 στρατηγὸς
1135 2666 1218 2736 είιτοι
1242 2663 1281 2736 ἂν
1303 2677 1366 2742 τοῖς

195 2773 400 2859 στρατιώταις
423 2777 480 2841 ἐπὶ
508 2777 584 2848 τοὺς
610 2778 776 2856 κινδύνους
795 2825 926 2843 .....
954 2777 1017 2842 ὑπὸ
1045 2775 1081 2843 δὲ
1103 2769 1252 2844 ταῦτατὸ
1276 2776 1367 2860 γένος

194 2887 249 2973 τῆς
275 2885 448 2967 γυμνασίας
474 2886 578 2949 πίπτει
599 2885 653 2949 καὶ
674 2889 738 2950 τῶν
763 2889 994 2969 πανηγυρικῶν
1020 2881 1125 2972 λόγων
1147 2886 1229 2956 εἶδος
1250 2883 1307 2951 καὶ
1328 2877 1364 2951 τὸ

193 2995 259 3055 τῶν
280 2995 529 3077 προτρεπτικῶν.
560 2990 612 3077 (cf.
629 2988 763 3056 Theon.
782 2994 817 3055 ΙΙ
840 3013 872 3077 p.
890 2995 932 3056 60
945 3001 981 3058 et
997 2989 1195 3064 Lucianum
1219 2996 1295 3064 πῶς
1317 2993 1369 3058 δεῖ

194 3099 334 3181 ἱστορίαν
356 3095 547 3186 συγγράφειν
570 3101 632 3176 58.)

301 3204 418 3290 Atque
441 3214 482 3270 ut
504 3202 723 3292 inquiramus
747 3226 833 3292 quas
856 3205 1034 3292 Josephus
1058 3204 1104 3272 sit
1127 3215 1269 3272 secutus
1284 3203 1365 3271 rati-

195 3331 281 3376 ones
314 3308 351 3377 in
388 3310 638 3397 componendis
673 3311 890 3379 orationibus
925 3321 1071 3398 apparet
1102 3334 1161 3378 eas
1191 3309 1364 3378 rhetorice

194 3419 305 3484 iactas
329 3428 365 3484 et
386 3415 488 3484 fictas
505 3418 661 3485 scholam
675 3419 791 3506 magis
807 3442 929 3508 sapere
944 3441 1051 3506 quam
1066 3417 1252 3486 veritatem
1267 3419 1364 3485 redo-

193 3525 271 3592 lere.
319 3525 423 3609 Quod
446 3534 627 3614 praeterea
642 3511 784 3592 Niesius
808 3525 1045 3614 (Historische
1061 3523 1260 3594 Zeitschriit
1279 3530 1362 3592 1896

195 3636 237 3698 N.
255 3631 291 3698 F.
316 3633 376 3699 Bd.
394 3631 448 3721 40)
472 3643 508 3699 et
532 3635 633 3700 Peter
655 3632 953 3715 (Geschichtliche
977 3632 1156 3707 Literatur
1178 3633 1240 3700 der
1261 3631 1364 3700 riimi·

194 3739 302 3805 schen
336 3737 531 3806 Kaiserzeit
561 3761 593 3826 p.
610 3740 687 3828 303)
722 3763 766 3806 ex
789 3739 942 3808 Herodis
972 3740 1131 3808 oratione
1163 3741 1364 3828 comproba-

194 3855 331 3929 verunt,
355 3867 445 3933 quae
461 3869 541 3912 cum
556 3845 593 3912 in
611 3847 725 3934 primo
740 3846 823 3915 belli
838 3845 978 3934 Judaici
994 3849 1083 3915 libro
1100 3849 1128 3935 (1
1145 3849 1222 3936 373)
1238 3857 1362 3932 exstet,

194 3951 231 4019 in
263 3950 534 4040 antiquitatibus
569 3975 659 4041 quae
681 3965 861 4040 vocantur,
893 3957 1013 4024 redeat
1036 3959 1118 4044 (XV
1144 3955 1229 4043 139),
1261 3953 1363 4022 aliter

194 4057 253 4126 hic
274 4057 324 4126 ibi
348 4069 402 4127 est
425 4059 629 4149 conscripta.

305 4260 329 4337 ¹)
352 4263 500 4322 Plutarch.
523 4264 561 4322 de
584 4280 728 4340 praecep.
750 4263 794 4321 rei
817 4263 900 4339 publ.
922 4281 983 4339 ger.
1007 4263 1036 4328 6.
