3468 5128
310 1178 400 1247 Cum
430 1188 541 1246 artem
573 1177 782 1244 rhetoricam
814 1187 850 1245 ct
880 1175 1065 1244 historiam
1092 1175 1187 1266 apud
1215 1175 1370 1243 Graecos

206 1290 457 1372 Romanosque
485 1282 709 1357 coniunctam
737 1294 773 1350 et
800 1305 970 1351 conexam
993 1281 1103 1355 fuisse
1125 1292 1270 1367 constet,
1293 1280 1371 1348 fieri

201 1415 275 1460 non
306 1391 432 1479 potuit,
464 1391 549 1479 quin
581 1389 613 1458 ei
643 1389 837 1480 scriptores,
870 1389 930 1478 qui
958 1412 1002 1456 ex
1030 1388 1145 1457 aliena
1172 1399 1281 1476 gente
1303 1387 1370 1455 orti

200 1498 351 1587 aliisque
387 1497 583 1566 rationibus
620 1495 760 1564 dicendi
792 1507 829 1564 et
860 1495 1041 1583 cogitandi
1078 1494 1205 1563 imbuti
1237 1496 1373 1564 Graeca

198 1605 328 1693 lingua
361 1606 561 1690 utebantur,
596 1627 634 1671 se
667 1603 788 1671 formis
823 1613 859 1671 et
893 1601 1025 1670 normis
1049 1604 1265 1671 Graecorum
1288 1600 1373 1670 artis

204 1711 401 1780 rhetoricae
424 1711 735 1778 accommodarent

309 1819 495 1903 Quomodo
522 1819 574 1902 fit,
603 1828 644 1885 ut
668 1816 814 1885 Flavius
835 1817 1014 1904 Josephus
1042 1839 1181 1904 quoque
1203 1817 1371 1902 JudaeuS,

203 1924 264 2014 qui
299 1923 555 2010 Hierosolymis
591 1923 702 2012 captis
735 1929 886 1992 Romam
921 1923 958 1990 in
991 1921 1200 2011 Vespasiani
1229 1921 1373 2010 Titique

204 2030 357 2119 gratiam
380 2042 533 2116 venerat,
558 2053 638 2098 cum
661 2030 697 2096 id
721 2041 850 2117 ageret,
875 2039 915 2096 ut
937 2032 1069 2097 bellum
1088 2029 1278 2116 Judaicum
1298 2028 1373 2098 sive

206 2139 251 2206 ad
280 2138 476 2204 edocendos
500 2138 654 2205 Graecos
682 2148 718 2205 et
742 2123 921 2206 Romanos
950 2136 1025 2205 sive
1053 2139 1097 2204 ad
1126 2138 1372 2204 celebrandum

206 2267 341 2314 novum
375 2243 561 2332 imperium
596 2245 818 2331 describeret,
853 2267 941 2334 opus
974 2243 1189 2333 quibuslibet
1216 2243 1373 2312 artificiis

207 2375 376 2420 exornare
400 2363 436 2420 et
458 2351 613 2441 expolire
637 2363 828 2420 conaretur.
875 2354 1035 2437 Quorum
1058 2374 1095 2419 se
1110 2353 1271 2418 nondum
1286 2349 1372 2418 satis

206 2482 359 2546 gnarum
382 2482 458 2526 esse
473 2470 570 2528 ratus
587 2458 757 2544 adhibuit,
781 2469 822 2526 ut
836 2458 912 2546 ipse
927 2469 1053 2543 narrat,
1064 2458 1086 2548 ι)
1102 2460 1267 2543 rhetores,
1291 2479 1374 2546 quo-

92 2568 96 2586 ¹
204 2588 283 2632 rum
310 2588 416 2653 opera
443 2565 474 2632 ei
499 2565 658 2653 contigit,
693 2576 735 2634 ut
757 2565 962 2653 aequalibus
984 2567 1198 2653 probaretur,
1233 2563 1373 2654 saepius

204 2675 395 2757 afferretur,
420 2696 440 2738 a
462 2672 713 2759 posterioribus
735 2673 840 2741 laude
861 2672 1066 2741 afficeretur.
1114 2675 1298 2758 Quatenus
1315 2693 1374 2739 au-

207 2789 279 2846 tem
311 2777 347 2846 in
379 2778 589 2866 scriptorum
621 2778 841 2848 sermonibus
874 2790 910 2848 et
937 2779 1117 2847 mentibus
1146 2778 1308 2864 haeserit,
1335 2777 1373 2845 in

205 2884 374 2954 memoria
401 2885 648 2954 historicorum
675 2884 847 2973 imprimis
870 2885 977 2953 medii
1001 2885 1079 2954 aevi
1088 2886 1112 2972 2)
1136 2885 1183 2954 sit
1204 2895 1373 2971 versatus

316 3085 341 3170 ¹)
365 3096 470 3148 contra
493 3086 763 3164 Apionem150:
793 3085 856 3148 εἶτα
882 3083 997 3167 σχολῆς
1024 3082 1058 3149 ἐν
1085 3090 1123 3167 τῇ
1146 3073 1253 3167 Ῥώμη
1276 3083 1372 3167 λαβό-

206 3197 305 3258 μενος
335 3175 438 3257 πάσης
470 3174 529 3256 μὲν
557 3181 612 3258 τῆς
639 3170 864 3261 πραγματείας
891 3175 924 3237 ἐν
947 3180 1142 3256 παρασκευῇ
1165 3171 1374 3260 γεγενημένης

206 3262 405 3346 χρησάμενός
440 3285 500 3328 τισι
537 3264 627 3346 πρὸς
663 3264 723 3347 τὴν
756 3262 919 3345 Ἑλληνίδα
957 3263 1070 3346 φωνὴν
1104 3269 1263 3349 συνεργοῖς
1289 3263 1373 3325 οὕτω

207 3351 406 3435 ἐποιησάμην
429 3355 494 3414 τῶν
515 3353 666 3434 πράξεων
687 3352 744 3435 τὴν
765 3352 953 3434 παράδοσιν.

315 3443 342 3522 ²)
366 3461 551 3520 quamquam
574 3443 674 3502 lacere
697 3463 759 3502 non
774 3463 907 3520 possum,
930 3445 1002 3521 quin
1017 3451 1191 3513 monstrem,
1214 3460 1373 3500 enumero

208 3533 446 3609 Byzantinorum,
469 3533 521 3608 qni
536 3532 699 3610 Iosephnm
722 3541 754 3591 et
771 3534 925 3592 Philonem
939 3530 1016 3608 τσὺς
1032 3531 1066 3604 ἐξ
1077 3530 1235 3614 Ἑβραίων
1250 3528 1375 3610 σοφούς

208 3624 405 3682 nominabant
438 3619 600 3703 (Georgios
626 3622 794 3681 Monachos
827 3642 855 3698 p.
880 3621 990 3686 24011.
1023 3623 1064 3679 M.
1099 3622 1180 3698 apud
1213 3622 1375 3678 Praechter

209 3713 318 3770 Archiv
341 3711 387 3770 hir
402 3709 585 3770 Geschicbte
609 3711 663 3769 der
677 3711 877 3786 Philosophie,
899 3711 952 3769 Bd.
967 3711 1017 3769 IX.
1044 3709 1136 3780 1896,
1159 3730 1189 3786 p.
1204 3708 1278 3770 426.
1310 3709 1374 3767 Un-

208 3803 371 3858 beacbtete
409 3799 709 3878 Philonfragmente),
750 3799 938 3858 Eustathium
973 3800 1207 3876 descriptionem
1244 3799 1374 3874 Aegypti

208 3884 265 3972 (IV
289 3885 368 3970 607)
399 3907 498 3965 paene
527 3890 714 3948 adverbum
740 3889 961 3965 transcripsisse
983 3907 1084 3965 neqne
1107 3889 1278 3947 nominasse
1302 3905 1373 3945 anc-

209 3986 320 4050 torem;
344 3980 520 4054 quodcum
543 3979 651 4048 adhuc,
672 3977 704 4035 ni
726 3977 821 4044 fallor,
849 3986 880 4036 et
902 3980 942 4035 ab
966 3978 1141 4036 editioribus
1164 3977 1321 4044 Eustathii‚
1343 3977 1373 4033 in

210 4068 294 4126 cuins
317 4067 417 4125 indice
434 4068 612 4144 scriptorum
635 4069 674 4125 ab
690 4066 846 4125 Eustathio
863 4067 1022 4126 citatorum
1038 4067 1344 4146 (Fabricius-Harless
1359 4065 1374 4121 Ι

209 4176 238 4232 p.
262 4155 337 4232 457)
366 4155 512 4232 Iosephus
544 4175 605 4216 non
639 4157 785 4226 laudatur,
817 4163 848 4215 et
881 4155 1002 4232 Iosephi
1033 4157 1277 4233 praetermissum
1305 4172 1373 4213 esse

209 4246 354 4316 videatur,
376 4245 481 4323 paucis
504 4246 650 4323 attingere
672 4246 778 4304 liceat:

1269 4381 1282 4436 l
