3468 5128
680 405 879 472 ..3-

303 617 513 686 Rhetoricae
536 629 656 687 autem
675 617 843 687 historiae
859 640 930 685 non
947 619 1052 686 modo
1068 618 1217 687 virtutes
1233 616 1365 704 didicit,

189 747 284 812 quas
299 747 376 793 esse
390 725 490 814 parvi
506 726 688 794 habendas
704 748 775 794 non
793 748 926 810 censeo,
943 748 1023 793 cum
1039 724 1169 794 scholis
1184 727 1365 793 rhetorum

189 833 369 919 quaedam
391 832 542 900 facilitas
564 844 601 902 et
623 831 778 901 sollertia
799 816 979 920 cogitandi
998 843 1034 900 et
1050 833 1291 900 conformandi
1308 854 1366 899 ex-

190 941 376 1026 coleretur,
409 941 471 1009 sed
494 940 601 1008 etiam
624 940 713 1009 vitia
735 942 780 1009 ab
803 939 1008 1028 aequalibus
1018 939 1040 1030 ¹)
1064 938 1249 1028 opprobrio
1273 940 1365 1025 data,

189 1048 291 1134 qnod
314 1071 335 1115 a
358 1047 507 1116 veritate
529 1047 672 1136 penitus
694 1048 878 1115 recederet

301 1155 403 1238 Quae
422 1153 542 1222 omnia
565 1152 762 1242 similiaque
786 1176 866 1221 cnm
889 1152 926 1220 in
950 1175 1065 1241 genus
1081 1152 1241 1240 finesque
1255 1151 1364 1222 histo-

189 1259 257 1328 rici
281 1261 404 1329 cadere
427 1261 622 1348 videantur,
651 1262 789 1347 omitto;
812 1261 900 1329 mihi
924 1272 1043 1329 autem
1066 1263 1221 1330 nuncin
1245 1261 1364 1328 animo

190 1379 250 1436 est
273 1367 446 1456 explicare
469 1380 505 1437 et
528 1371 720 1455 ostendere,
745 1369 909 1438 Flavium
924 1371 1122 1458 Josephum
1142 1381 1178 1437 et
1193 1380 1268 1437 arte
1283 1366 1364 1436 scri·

187 1474 300 1542 bendi
328 1486 364 1544 et
392 1475 707 1544 consuetudinibus
734 1499 789 1544 res
824 1475 998 1544 tractandi
1032 1475 1262 1544 sollemnibus
1289 1499 1362 1544 non

185 1604 338 1650 numero
367 1584 582 1651 Graecorum
612 1584 822 1671 scriptorum
857 1606 933 1650 esse
964 1582 1198 1668 eximendum,
1231 1583 1292 1650 sed
1325 1582 1361 1650 in

187 1689 351 1756 ordinem
383 1689 624 1778 redigendum,
653 1713 802 1779 quorum
830 1690 994 1777 operibus
1021 1690 1144 1758 multis
1172 1689 1362 1778 deperditis

185 1819 235 1863 ex
258 1796 405 1884 Josephi
436 1797 534 1866 libris
565 1820 637 1865 non
671 1808 744 1866 tam
776 1820 881 1864 suum
910 1797 1022 1884 ipsius
1045 1796 1231 1885 ingenium
1254 1819 1361 1885 quam

186 1901 317 1971 aetatis
340 1914 376 1970 et
399 1903 538 1990 generis
561 1903 742 1993 explanari
766 1915 802 1973 et
824 1903 991 1972 illustrari
1014 1928 1118 1992 posse
1141 1904 1296 1972 arbitror.

297 2013 422 2097 Neque
441 2010 570 2079 iniuria
589 2033 647 2079 me
667 2011 787 2078 hocin
804 2035 915 2098 opere,
933 2013 1026 2098 quod
1042 2012 1192 2078 debello
1210 2010 1360 2096 Judaico

188 2117 398 2203 composuit,
435 2141 511 2184 esse
537 2129 724 2204 versatum,
754 2117 857 2186 facile
887 2142 931 2185 ex
961 2109 1015 2186 eov
1035 2129 1152 2206 potest
1184 2117 1359 2205 cognosci,

186 2225 283 2311 quod
314 2226 408 2311 apud
433 2225 586 2292 Graecos
619 2236 655 2292 et
678 2229 858 2292 Romanos
888 2227 945 2292 lex
977 2225 1038 2292 illa
1071 2226 1251 2314 proposita
1283 2235 1359 2292 erat

186 2353 327 2398 summa
359 2343 466 2419 atque
487 2333 674 2419 praeclara,
697 2355 767 2420 qna
790 2355 854 2399 sua
877 2332 1003 2420 cuique
1026 2333 1121 2419 operi
1146 2344 1181 2399 et
1205 2337 1278 2401 sidu
1293 2335 1359 2399 lor·
1458 2333 1460 2340 ’

186 2459 256 2522 ma,
285 2460 349 2505 sua
377 2461 500 2506 norma
527 2450 602 2507 erat
629 2437 856 2528 praescripta;
885 2441 1061 2526 quomodo
1088 2439 1138 2524 lit,
1162 2451 1203 2506 ut
1225 2439 1359 2527 reliqua

187 2567 294 2632 opera
316 2545 463 2632 Josephi
488 2546 556 2614 alio
580 2557 789 2634 argumento
813 2547 914 2613 aliter·
930 2557 966 2614 et
981 2548 1085 2613 rebus
1102 2558 1138 2613 et
1153 2546 1269 2614 verbis
1285 2545 1358 2613 sint

187 2652 391 2739 composita,
419 2655 518 2720 velut
545 2652 624 2720 libri
648 2665 769 2720 contra
791 2640 966 2741 Apionem
989 2653 1118 2739 scripti,
1142 2654 1186 2720 de
1209 2675 1357 2741 quorum

159 2787 161 2792 ·
188 2781 319 2846 genere
347 2769 383 2844 et
410 2770 621 2847 argumento
644 2782 725 2826 cum
758 2758 818 2826 alii
847 2772 923 2827 tum
947 2761 1119 2827 nonnulla
1142 2782 1237 2826 nunc
1262 2760 1357 2827 Gell-

191 2864 338 2932 ckenius
362 2864 605 2950 (Griechische
631 2867 853 2953 Apologeten
878 2891 909 2956 p.
934 2868 1259 2953 XXIX-XXXII)
1289 2865 1356 2932 dis-

188 2983 414 3060 putaverunt,
438 2985 500 3041 ant
514 2977 583 3060 βίος
598 2963 754 3059 Ἰωσήπου
770 2984 832 3040 aut
847 2972 1088 3061 Antiquitates
1104 2996 1194 3061 quae
1209 2995 1356 3040 numero

185 3079 355 3147 librorum
383 3092 419 3148 et
435 3081 539 3148 titulo
552 3080 763 3166 Dionysium
780 3067 1072 3148 Halicarnaseum
1088 3092 1173 3148 sunt
1188 3080 1355 3147 imitatae.

294 3189 437 3274 Μίμησις
466 3199 593 3273 autem,
625 3198 667 3256 nt
692 3189 785 3256 hanc
813 3187 1055 3275 quaestionem
1082 3188 1119 3255 in
1143 3209 1356 3275 unoquoque

190 3292 357 3382 scriptore
380 3293 487 3360 huius
510 3294 636 3361 aetatis
652 3295 890 3364 disserendam
909 3296 1062 3364 breviter
1078 3316 1354 3378 commemorem,

186 3411 347 3470 versatur
378 3400 415 3467 in
444 3399 595 3488 singulis
618 3400 870 3490 Thucydidis2)
894 3401 1245 3489 Demosthenisque³)
1269 3401 1354 3469 locis

187 3508 478 3596 dictionibusque,
494 3530 582 3595 quas
598 3506 724 3576 idoneo
740 3510 817 3575 loco
829 3531 1042 3597 quamquam
1054 3507 1222 3576 adnotavi
1235 3519 1353 3574 tamen
1457 3573 1460 3582 ,

188 3618 385 3684 cavendnm
412 3638 488 3684 esse
516 3614 688 3700 existimo,
715 3639 761 3682 ne
788 3615 937 3682 nimium
959 3621 1088 3703 μιμήσει
1111 3615 1353 3700 attribuamus,

297 3813 321 3900 ¹)
345 3818 458 3878 Contra
470 3818 577 3894 Apion.
589 3818 603 3874 Ι
615 3815 671 3880 53:
691 3814 813 3897 φαῦλοι
830 3814 865 3878 δέ
879 3836 960 3884 τινας
975 3814 1156 3896 ἄνθρωποι
1174 3813 1353 3896 διαβάλλειν

185 3927 249 3988 μου
282 3905 338 3988 τὴν
375 3900 517 3991 ἱστορίαν
553 3905 790 3986 ἔπιχειρήκασιν
823 3904 931 3989 ὥσπερ
969 3903 1002 3966 ἐν
1039 3902 1137 3986 σχολῇ
1174 3901 1353 3986 μειρακίων

185 3995 355 4076 γύμνασμα
377 3998 578 4080 προκεῖσθαι
599 3995 785 4077 νομίζοντες.

294 4086 319 4162 ²)
341 4085 379 4144 cl.
404 4088 529 4154 Druna,
552 4087 732 4146 Untersuch.
748 4103 783 4142 zu
799 4084 862 4160 Jos.
878 4084 965 4153 Dias..
989 4085 1130 4161 Marburg
1149 4083 1244 4147 1896.
1268 4085 1352 4162 Kap.

189 4174 202 4234 l
228 4176 290 4252 Jos.
313 4178 358 4234 als
381 4175 573 4234 Nachahmer
596 4177 650 4234 des
672 4175 787 4250 Thucy.
843 4179 845 4183 '

185 4321 187 4328 .
294 4259 322 4347 ³)
345 4263 383 4323 cl.
399 4265 497 4324 index.

1245 4398 1275 4455 ¹⁸
