3468 5128
783 413 1015 475 ..66-

416 619 541 684 ΑΙ1.

416 727 442 790 Ι.
466 713 576 815 ἐπειδή
598 719 657 793 τὸν
676 726 845 794 Ἰουδαίων
872 730 927 794 καί
949 720 1119 813 Ῥωμαίων
1143 728 1293 816 πόλεμον
1325 731 1488 802 συστάντα

466 835 620 921 μέγιστον.

525 943 550 1004 1.
576 931 613 1006 ori
635 937 827 1024 μόνοντῶν
850 935 928 1008 καθ’
950 933 1039 1032 ήμᾶς

520 1050 548 1111 2.
574 1040 692 1131 σχεδὸν
714 1048 749 1114 δὲ
772 1049 826 1114 καί
850 1036 895 1114 ὧν
918 1051 1002 1134 ἀκοῇ
1024 1048 1264 1139 παρειλήφαμεν

574 1153 606 1240 a)
630 1147 652 1243 ἢ
674 1151 803 1220 πόλεων
825 1150 908 1242 πρὸς
930 1152 1037 1228 πόλεις

572 1260 609 1341 b)
633 1255 654 1349 ἢ
677 1263 786 1328 ἐθνῶν
808 1259 919 1329 ἔθνεσι
942 1266 1174 1346 συρραγέντων,

397 1368 442 1432 II.
467 1363 497 1433 ολ
522 1367 583 1450 μὲν

523 1479 548 1538 l.
572 1476 611 1538 οδ
633 1473 871 1559 παρατυχόντες
892 1484 956 1548 τοῖς
978 1473 1169 1564 πράγμασιν,

520 1583 548 1644 2.
573 1569 642 1647 ἄλλ’
666 1573 751 1670 άκοῇ
776 1584 981 1671 συλλέγοντες

395 1688 439 1751 11.
465 1690 572 1753 εἰκαῖα
594 1686 649 1753 καί
675 1679 861 1772 άσάμφωνα
884 1687 1068 1778 διηγήματα
1091 1688 1344 1775 ἀναγράφουσιν,

377 1795 442 1876 ΠΙ.
466 1791 497 1861 ολ
521 1793 776 1884 παραγενόμενοι
802 1798 836 1861 δὲ

523 1905 548 1966 l.
573 1907 593 1986 ἢ
616 1901 771 1992 κολακείᾳ
793 1913 835 1988 τῇ
857 1898 940 1987 πρὸς
962 1894 1144 1988 Ῥωμαίους

521 2013 548 2074 2.
572 2014 592 2094 ή
615 2013 700 2092 μίσει
722 2015 770 2094 τῷ
796 2005 884 2095 πρὸς
907 2000 1079 2083 Ἰουδαίους

376 2117 440 2180 111.
464 2113 724 2202 καταψεύδονται
749 2124 814 2199 τῶν
837 2115 1053 2206 πραγμάτων,

381 2223 441 2289 IV.
464 2225 597 2309 περιέχει
621 2223 656 2288 δὲ
679 2225 791 2301 αὐτοῖς

345 2339 352 2352 ’
522 2333 548 2393 l.
572 2331 662 2395 ὅπου
683 2331 742 2412 μὲν
764 2333 957 2419 κατηγορίαν

520 2438 549 2498 2.
575 2426 657 2501 ὅπου
681 2436 716 2500 δὲ
739 2433 898 2519 ἐγκώμιον

488 2543 548 2610 IV.
573 2539 605 2628 a)
627 2536 666 2608 τά
690 2540 934 2631 συγγράμματα,

571 2649 606 2736 b)
629 2645 668 2716 τό
693 2640 852 2738 δ’άκριβὲς
874 2655 932 2740 τῆς
956 2647 1101 2735 ἱστορίας
1123 2653 1278 2736 οὐδαμοῦ,

412 2760 448 2822 Β.
472 2758 498 2821 Ι.
535 2761 730 2843 προυθέμην
753 2760 817 2846 ἐγὼ

522 2869 547 2930 1.
571 2872 638 2938 τοῖς
657 2859 742 2932 κατά
765 2861 826 2953 τήν
838 2869 1009 2949 Ῥωμαίων
1024 2857 1197 2954 ήγεμονίαν
1212 2855 1336 2930 Ἑλλάδι
1352 2862 1480 2951 γλώσσῃ

570 2967 760 3054 μεταβαλών

518 3081 547 3140 2.
571 3064 594 3142 ά
609 3085 676 3148 τοῖς
691 3081 759 3142 δνω
775 3075 953 3162 βαρβάροις
967 3081 1004 3164 τῇ
1016 3077 1140 3161 πατρίῳ
1153 3071 1309 3158 πρότερον
1321 3071 1481 3150 συντάξας
1521 3135 1526 3143 ,

570 3185 741 3266 ἀνέπεμψα

468 3291 493 3355 Ῑ.
517 3291 750 3378 ἀφηγήσασθαι
766 3280 921 3372 Ἰώσηπος
938 3290 1098 3364 Ματθίου
1117 3295 1191 3367 παῖς
1207 3288 1480 3374 ἔξἹεροσολύμων

516 3398 680 3477 βασιλεύς,
931 3416 934 3422 ’

520 3508 545 3568 1.
570 3505 668 3582 αὐτός
690 3527 726 3570 τε
746 3504 925 3587 Ῥωμαίους
948 3503 1146 3587 πολεμήσας
1168 3503 1209 3568 τὰ
1231 3509 1348 3589 πρῶτα

516 3613 544 3674 2.
568 3610 707 3682 καὶτοῖς
729 3612 860 3696 ὕστερον
882 3610 1077 3694 παρατυχὼν
1100 3609 1136 3689 ἐξ
1157 3611 1307 3693 ἀνάγκης.

783 3915 995 3925 ---ι

409 4161 587 4246 Quoniam
622 4186 667 4229 ex
699 4161 869 4230 adhibitis
904 4161 1075 4249 exemplis
1109 4158 1363 4248 explicatisque
1390 4157 1477 4227 satis

300 4291 378 4338 esse
400 4269 681 4336 demonstratum
704 4269 862 4354 arbitror,
886 4267 1015 4357 quibus
1037 4265 1196 4336 artificiis
1219 4275 1256 4333 et
1278 4263 1478 4334 rationibus
