3468 5128
866 389 1064 458 „2-

385 599 444 692 qui
469 602 720 693 descriptiones
745 606 969 674 obsidionum
991 607 1247 675 mutuabantur
1263 618 1299 675 et
1312 604 1552 689 imitabantur,

386 713 454 779 hoc
481 713 557 780 loco
586 722 640 780 est
668 711 756 780 mihi
779 715 928 801 longum
951 713 1137 802 explicare;
1162 713 1286 802 quanti
1309 726 1428 782 autem
1452 713 1553 781 aesti-

383 830 501 887 matus
533 818 580 887 sit
611 831 647 888 et
679 843 785 908 quam
817 821 921 888 tritus
951 833 1143 910 gratusque
1170 821 1284 906 fuerit,
1319 821 1552 908 intelligimus

385 949 429 993 ex
452 926 597 998 Eusebii
621 939 657 996 et
680 927 797 996 Photii
820 927 1038 997 testimoniis.
1050 931 1072 1018 ¹)
1115 964 1118 971 ·

490 1111 637 1172 Eustatbii
660 1114 901 1172 commentarii
892 1133 922 1172 m
946 1113 1071 1190 Dionys.
1094 1113 1242 1190 Perleges.

492 1200 561 1263 112.
589 1199 690 1312 Φάρις
712 1201 779 1283 ἣτις
801 1197 864 1266 εστί
885 1207 981 1284 νῆσος
1003 1223 1038 1266 εν
1061 1199 1149 1284 δεξιᾷ
1162 1201 1287 1284 κειμένη
1303 1186 1553 1282 Ἀλεξανδρείας,

382 1287 506 1376 πύργον
540 1286 699 1372 ἀνέχουσα
734 1291 790 1369 (sic
820 1292 926 1350 LVRC
948 1287 1028 1376 Lat)
1050 1265 1205 1372 μίγιδτον,
1237 1287 1469 1376 ἐκπυρσεύοντα
1491 1294 1555 1366 τοῖς

382 1375 625 1443 καταπλέουσιν.
671 1407 705 1431 ω
728 1381 771 1438 IV
795 1381 868 1442 613

490 1469 565 1531 239.
588 1467 677 1534 ἄλλοι
700 1465 736 1532 δὲ
763 1467 817 1531 καί
839 1472 980 1549 φυσικῶς
1002 1461 1238 1550 ὠχυρῶσθαι(
1228 1473 1430 1551 ιστοροῦντες
1453 1467 1554 1548 αύτήν

383 1577 465 1638 φασι
489 1555 570 1621 κατὰ
594 1562 652 1643 γῆν
666 1579 702 1622 τε
719 1556 796 1620 δυσί
781 1556 962 1639 ίμβολονί
932 1580 1009 1621 εναι
1034 1557 1088 1621 καί
1110 1555 1190 1619 κατὰ
1213 1554 1251 1618 τὰ
1274 1555 1363 1642 πρδς
1384 1556 1554 1621 θάλασσαν

385 1645 539 1726 ἀλίμενον.
586 1665 620 1688 Ν
643 1649 686 1705 IV
711 1647 784 1708 607.

490 1736 563 1798 254.
586 1731 659 1819 περὶ
682 1732 720 1817 ἧς
741 1758 796 1798 και
787 1733 921 1800 τοιάδε
943 1734 1009 1798 τινὰ
1032 1721 1159 1817 λέγεται

488 1811 714 1936 Ἀλεξάνδρεια
738 1824 834 1902 πόλις
857 1821 1167 1936 πολυάνθρωπος
1147 1848 1185 1906 ης
1208 1822 1338 1936 ὁλιμίχν
1359 1821 1452 1888 ναυσὶ
1477 1823 1552 1889 δυσ-

382 1913 537 2018 πρόσιτος
571 1913 678 1984 στενός
699 1937 731 1976 τε
754 1913 814 1997 γὰρ
834 1913 889 1977 ἐπ’
907 1913 1005 1978 αὐτὸν
1017 1908 1182 1986 εἴσπλους,
1202 1913 1256 1976 καί
1277 1914 1406 1996 πέτραις
1420 1913 1554 1996 ὑφάλοις

383 2002 441 2066 τδν
475 1991 524 2066 ἐπ
549 2001 633 2068 εύθὺ
656 2003 856 2068 διακόπτεται
889 2001 1019 2086 δρόμον,
1053 2003 1107 2066 καί
1129 2003 1167 2066 τὸ
1190 2003 1249 2085 μίν
1272 2001 1433 2086 ἀριστερὸν
1456 2003 1553 2066 αὐτοῦ

382 2093 565 2176 πέφρακται
597 2094 815 2204 χειροκμήτοις
848 2092 1001 2166 σκέλεσιν,
1035 2093 1068 2156 ἕν
1103 2091 1138 2156 δὲ
1153 2092 1248 2204 δεξιᾷ
1269 2093 1288 2174 6
1312 2097 1410 2174 νῆσος
1447 2091 1555 2174 Φάρος

383 2181 562 2263 πρόκειται.
589 2181 796 2264 πυρσεύουσα
828 2188 894 2258 τοῖς
920 2181 1066 2246 πλέουσιν
1093 2179 1182 2262 πρὸς
1208 2181 1264 2262 τὴν
1295 2181 1475 2262 δυσχέρειαν
1497 2186 1552 2243 τοῦ

382 2269 545 2334 κατάπλου
580 2269 651 2352 περὶ
679 2269 713 2332 δὲ
746 2270 801 2352 τὴν
823 2277 919 2352 νῆσον
941 2271 1073 2351 μέγιστα
1096 2269 1325 2351 καταβέβληκα
1346 2270 1553 2352 χειροποίητα

382 2358 477 2441 τείχη,
512 2358 560 2436 οἷς
593 2355 649 2422 καί
682 2358 978 2441 προσαρασσόμενα
1011 2357 1051 2422 τά
1081 2360 1210 2440 κύματα
1232 2358 1286 2421 καί
1309 2359 1554 2470 άμφιαγνύμενα

384 2447 611 2530 ἑκτραχύνουσι
642 2446 696 2509 τὸν
727 2447 829 2530 πόρον
861 2447 923 2512 καί
949 2446 1113 2529 σφαλερὰν
1143 2446 1193 2511 διὰ
1217 2453 1326 2510 στενοῦ
1348 2447 1404 2529 τὴν
1427 2447 1553 2512 εἴσοδον

383 2533 623 2646 ἀπεργάζονται
654 2536 673 2598 6
694 2537 803 2618 μένεα
825 2535 919 2618 λιμὴν
942 2537 1029 2614 ε’ντδς
1052 2535 1195 2618 ἀσφαλὴς
1218 2535 1271 2600 καί
1293 2536 1461 2619 τριάκοντα
1478 2557 1552 2600 στα-

384 2621 475 2696 δίους
510 2626 652 2690 ἔνδονῖ
633 2649 697 2708 εχει
730 2624 768 2689 τὸ
801 2627 1011 2708 μέγεθοςΝ
1045 2627 1165 2704 loseph.
1193 2629 1222 2685 b.
1245 2628 1268 2685 I.
1291 2628 1332 2685 IV
1367 2626 1470 2687 612
1477 2625 1552 2688 615.

384 2714 589 2828 δυσπρόσιτος
613 2715 647 2778 δὲ
669 2714 762 2828 λιμίην
783 2715 874 2779 ναυσί
896 2715 949 2780 καί
964 2738 1022 2778 κατ
1044 2701 1424 2818 εἴρήνηνᾌλεξανδρείάς
1449 2713 1553 2782 στενός

383 2827 416 2870 τε
437 2803 501 2892 γάρ
524 2804 668 2874 εἴσπλους
690 2804 742 2868 καὶ
766 2805 906 2888 πέτραις
928 2803 1115 2887 ὑφάλοις
1084 2828 1139 2868 τον
1162 2791 1210 2866 ἒτι
1226 2802 1309 2868 εὐθύ
1331 2803 1553 2884 καμπτόμενος

384 2893 509 2977 δρόμον
531 2891 680 2980 (Eustatb
705 2893 922 2974 διακόπτεται).

491 2984 605 3045 614.’
588 2983 835 3069 αμφαγνύμενον
858 2983 1043 3065 ἐκτραχύνει
1066 2981 1120 3044 καί
1135 2977 1359 3064 ἀπεργάζεται.
1407 2982 1553 3059 (Eustath.

384 3072 633 3160 ἀμφιαγνύμενα
661 3072 841 3153 ἐκτραχύνει
863 3069 918 3134 καί
947 3070 1187 3156 ἀπεργάζονται)
1212 3071 1321 3146 quibus
1345 3089 1363 3128 e
1386 3072 1485 3130 verbis
1509 3071 1551 3128 fa-

385 3164 443 3220 cile
477 3170 579 3238 potest
612 3163 764 3238 cognosci,
798 3161 985 3220 Eustathium
1017 3180 1078 3220 non
1110 3161 1297 3218 adverbum
1320 3163 1404 3219 locos
1428 3162 1552 3220 laudare

385 3250 493 3333 (etl.
516 3251 603 3309 Cohn
627 3252 707 3327 apud
731 3253 832 3327 Pauly
822 3252 976 3309 Wissowa
1000 3251 1093 3326 VIp.
1120 3244 1225 3332 1465).

497 3335 542 3442 ¹)
543 3340 691 3399 Eusebius
715 3341 780 3402 hist
797 3341 918 3410 eccl.‚3
946 3339 975 3407 9,
1000 3339 1029 3399 2.
1057 3335 1191 3417 μάλιστα
1216 3335 1335 3402 δὲτῶν
1357 3360 1417 3401 κατ
1450 3339 1551 3402 ἐκεῖνο

383 3433 502 3531 καιροῦ
532 3415 695 3492 Ἰουδαίων
728 3428 767 3490 ού
801 3426 894 3511 παρὰ
927 3426 1038 3508 μόνοις
1070 3431 1133 3495 τοῖς
1165 3425 1353 3507 ὁμοεθνέσιν
1387 3426 1466 3489 ἀλλὰ
1499 3425 1552 3488 καί

383 3517 468 3602 παρὰ
490 3505 659 3600 Ῥωμαίοις
681 3517 806 3598 γέγονεν
829 3517 908 3624 6666
930 3515 1162 3596 ἐπιδοξότατος,
1196 3516 1244 3585 ὡς
1265 3513 1362 3579 αὐτὸν
1386 3514 1445 3596 μὲν
1479 3515 1552 3578 ἀνα-

383 3607 475 3671 θέσει
508 3606 698 3688 ἀνδριάντος
732 3602 784 3669 ἐπὶ
813 3611 868 3687 τῆς
886 3603 1052 3687 Ῥωμαίων
1073 3605 1243 3687 τιμηθῆναι
1264 3603 1397 3680 πόλεως,
1420 3601 1494 3680 τοὺς
1517 3602 1551 3665 δὲ

384 3695 654 3772 σπουδασθέντας
677 3694 765 3776 αὐτῷ
788 3693 902 3780 λόγους
923 3694 1137 3777 βιβλιοθήκης
1160 3692 1347 3774 ἀξιωθῆναι.

490 3787 612 3846 Photius
634 3787 707 3844 bibl.
723 3787 790 3844 εοδ.
806 3786 859 3847 47.

490 3873 629 3942 πιθανὸς
661 3875 732 3949 ταῖς
763 3872 966 3958 δημηγορίαις
991 3869 1048 3938 καὶ
1076 3873 1216 3954 ἐπίχαρις
1242 3868 1340 3933 κᾶν
1325 3866 1378 3934 επὶ
1407 3870 1551 3933 τάναντία

384 3963 403 4026 6
426 3961 535 4050 καιρὸς
557 3962 639 4065 καλῇ
660 3962 848 4045 χρήσασθαι
869 3970 919 4044 τῴ
941 3961 1035 4044 λόγω,
1060 3961 1163 4034 δεξιός
1184 3960 1238 4024 καί
1261 3959 1388 4041 γόνιμος
1408 3961 1550 4041 ἐνθυμη-

383 4053 557 4134 μάτωνφ
517 4039 567 4114 ἑ
584 4052 723 4135 εκάτερα,
748 4051 802 4114 καί
825 4025 1141 4138 γναιμολογικδςδ)ε
1117 4073 1164 4128 αις
1185 4051 1254 4119 εἴτις
1277 4049 1370 4126 ἄλλος
1385 4048 1440 4113 καί
1455 4048 1550 4130 πάθη

383 4176 469 4260 λόγῳ
502 4182 711 4260 παραστῆσαι
740 4171 935 4246 ἱκανώτατος
968 4176 1022 4239 καί
1047 4175 1163 4284 ἐγεῖραι
1189 4173 1296 4244 πάθος
1325 4175 1379 4238 και
1408 4181 1550 4257 πραϋναι

384 4267 582 4385 ἱκανώτατος
