3468 5128
736 407 954 492 -ᾒ-ι.

356 641 375 722 ἡ
399 639 522 722 κραυγὴ
547 645 615 704 τῶν
637 640 756 714 ἀκοῶν,
780 642 799 705 δ
822 640 987 726 κονιορτός
1008 645 1073 704 τῶν
1096 639 1251 723 ὀμμάτων
1266 641 1427 727 ἐπεκράτει

247 746 282 812 V
306 748 378 811 487.

355 855 375 937 ἡ
399 853 498 931 νόσος
521 852 673 936 διατρέχει
696 855 731 917 ΙΙ
759 857 807 918 11.

356 962 375 1043 ἡ
399 957 473 1042 νίκη
498 961 611 1044 ἔρρεψε
634 960 650 1024 Ι
676 963 726 1025 86.
772 961 808 1025 τό
831 968 955 1046 κρατεῖν
978 963 1092 1047 ἔρρεψε
1116 961 1168 1027 IV
1191 964 1265 1026 497.

356 1069 375 1150 ἡ
402 1067 508 1137 στάσις
542 1068 677 1133 ἅπτεται
712 1069 727 1130 Ι
753 1069 805 1133 88.
853 1067 1011 1150 οιναπῄει
1046 1067 1062 1129 Ι
1088 1068 1161 1131 467.
1208 1070 1428 1152 κατασκήπτει

247 1173 302 1240 IV
322 1176 396 1238 388.
442 1172 615 1256 ἀνακμάζει
638 1176 654 1238 Ι
679 1176 744 1238 502
768 1204 802 1228 Ν
819 1175 852 1239 V
875 1177 904 1255 2,
928 1175 945 1236 Ι
970 1176 1043 1237 370.
1089 1176 1285 1257 περιίσταται
1307 1175 1426 1241 V105.

358 1281 502 1364 πόλεμος
524 1288 626 1365 χωρεῖ
645 1281 699 1346 διὰ
722 1287 853 1348 παθῶν
869 1282 885 1344 Ι
903 1282 930 1345 6.
978 1281 1077 1366 λωφᾷ
1091 1280 1125 1346 V
1138 1283 1189 1344 98.
1234 1283 1428 1364 προσέρπων

247 1385 306 1452 καὶ
329 1389 576 1477 κορυφοὺμενος
599 1390 650 1454 VI
679 1391 748 1454 164.
796 1390 931 1471 ἀκμάζει
947 1388 963 1450 Ι
982 1390 1055 1452 370.
1101 1385 1263 1470 πλησιάζει
1278 1389 1333 1450 ΠΙ
1355 1389 1425 1454 129.

248 1494 400 1578 διελέγχει
422 1496 528 1578 φοχάς
551 1497 587 1559 II
615 1499 686 1559 152.

359 1602 450 1685 ῥοπὴ
476 1605 648 1684 προυξένει
671 1604 704 1669 V
728 1604 779 1667 66.

358 1708 451 1792 λιμὸς
473 1711 583 1792 ἤπειγε
606 1711 657 1775 VI
686 1712 755 1774 157.
803 1711 936 1795 ὑφέρπει
960 1711 992 1776 V
1016 1713 1089 1775 343.

310 1867 314 1875 .
356 1815 499 1894 κίνδυνος
522 1817 712 1899 ἀπετέμνετο
735 1817 790 1888 τὰς
813 1819 969 1893 ἐξετάσεις
992 1818 1008 1879 Ι
1034 1820 1109 1882 493.

356 1923 479 2006 χειμὼν
512 1923 648 2006 ἀκμάζει
675 1924 728 1988 IV
751 1925 823 1986 298.
870 1924 926 2006 τὴν
953 1919 1058 1987 οἰκίαν
1080 1923 1242 2006 μετέβαινε
1265 1925 1346 2008 περὶ
1367 1922 1428 2004 τὴν

247 2028 370 2094 ἐκείνου
392 2030 535 2113 κεφαλὴν
559 2030 632 2101 ὅλος
655 2031 850 2116 ἐπηράσατο
874 2031 889 2092 Ι
914 2032 989 2096 488.

358 2171 390 2257 2)
408 2169 591 2237 translatio
607 2170 651 2236 fit
665 2192 728 2257 per
743 2169 1016 2254 substantivum,
1034 2170 1127 2257 quod
1143 2168 1335 2257 praedicati
1351 2169 1428 2237 loco

248 2275 407 2361 ponitur:

358 2405 489 2490 σίδηρος
511 2404 674 2490 ὑπηρέτης
696 2407 747 2472 VI
762 2407 804 2469 49
829 2435 863 2458 ω
887 2407 1029 2471 111364.

357 2513 391 2574 ἓν
415 2518 513 2595 σῶμα
537 2514 666 2595 στρατιά
689 2514 744 2576 ΙΙΙ
773 2515 842 2578 104.

357 2617 450 2691 πόλις
472 2613 583 2698 τάφος,
607 2619 684 2689 ναδς
708 2621 927 2700 πολυάνδριον
950 2621 982 2687 V
1010 2622 1056 2682 19.

360 2719 463 2801 δῆμος
486 2719 589 2784 ἀὺλον
612 2724 644 2789 V
661 2727 735 2788 251.

359 2825 483 2908 πλῆὺος
505 2829 728 2910 παρανάλωμα
752 2828 881 2893 IV3l5
905 2857 940 2881 ω
963 2832 997 2896 V
1014 2833 1061 2893 15.

359 2934 436 3018 ὅρος
457 2941 512 3018 τῆς
534 2942 639 3018 φυγῆς
661 2933 801 3009 ὑάνατος
824 2935 905 2998 198.

358 3029 579 3125 Ἀλεξάνδρεια
602 3041 734 3124 κέντρον
757 3040 961 3113 ἀποστάσεως
984 3044 1020 3106 ΙΙ
1034 3044 1106 3107 385.

359 3149 398 3211 τὸ
420 3153 536 3214 πταίειν
559 3152 688 3234 κέντρον
712 3154 890 3231 συμφορῶν
913 3150 1061 3216 111440.

360 3255 508 3336 ἑκάτερος
532 3258 681 3338 πολέμου
705 3256 789 3338 ῥοπή
815 3256 907 3318 1152
931 3285 966 3309 ω
990 3257 1026 3319 ΙΙ
1041 3259 1115 3323 470.

358 3361 469 3431 πάθος
490 3365 661 3447 προοίμιον
685 3363 720 3425 ΙΙ
734 3362 807 3424 454.

360 3466 505 3539 κίνδυνος
528 3470 658 3551 ἐφόδιον
681 3468 824 3552 ἀνδρείας
846 3468 896 3533 VI
912 3471 962 3532 80.

359 3576 545 3659 σύμβουλος
568 3576 647 3659 ἀργὴ
671 3576 722 3642 VI
736 3576 808 3638 204.

359 3688 437 3754 παῖς
459 3684 563 3766 έρινὺς
585 3684 636 3750 VI
650 3685 723 3747 207.

361 3789 474 3855 δοῦλοι
497 3797 553 3874 τῆς
575 3787 759 3864 πλεονεξίας
783 3791 944 3875 ὑπηρέται
968 3793 1004 3855 II
1030 3792 1080 3854 41.

361 3897 527 3983 ἀγώνισμα
548 3904 603 3980 τῆς
624 3893 830 3981 παρανομίας
854 3900 956 3962 Ι226.

359 4004 452 4085 ὑδωρ
474 4005 615 4092 χορηγός
638 4005 689 4071 IV
702 4004 775 4068 464.

359 4111 462 4194 τροφὴ
486 4112 576 4183 πόλις
597 4113 630 4178 V
643 4115 693 4176 21.

359 4213 500 4298 λείφανα
522 4226 580 4302 τῆς
602 4219 778 4301 φιλοτιμίας
801 4218 943 4282 111465.
