3468 5128
671 412 893 474 ..57-

181 616 327 710 οῗθρόος
364 623 531 711 postponi
565 623 731 710 ponderis
766 645 872 690 causa
907 621 958 710 (Il
986 625 1033 688 12.
1072 615 1134 710 τὴν
1161 618 1198 687 δὲ
1226 618 1375 705 στρατιὰν

180 730 382 816 ἐπαφίησιν
396 725 497 822 αὐτὴν
512 734 597 817 ὅλην,
617 732 693 804 τοὺς
707 733 767 816 μὲν
782 731 905 810 πεζοὺς
921 730 978 797 διὰ
993 736 1049 814 τῆς
1065 727 1196 799 πόλεως
1211 716 1373 814 ἆθρόονς.)

186 839 262 905 sed
285 836 393 906 etiam
419 842 564 923 μέγιστος
586 842 604 905 Ι
624 844 652 904 1.
691 834 813 928 ἐπειδὴ
836 839 890 904 τὸν
909 838 1072 904 Ἰουδαίων
1098 835 1179 924 πρὸς
1197 835 1375 919 Ῥωμαίους

182 943 340 1031 πόλεμον
363 948 521 1012 συστάντα
542 949 706 1030 μέγιστον).

306 1053 342 1138 5)
365 1051 395 1119 si
424 1054 494 1119 duo
522 1053 748 1120 substantiva
776 1062 813 1119 et
839 1073 953 1118 unum
987 1048 1202 1117 adiectivum
1230 1048 1374 1116 coniun-

186 1169 343 1248 guntur,
367 1159 583 1227 adiectivum
606 1161 651 1227 ad
674 1158 772 1247 prius
795 1156 1060 1226 substantivum
1083 1155 1283 1245 apponitur.

306 1270 357 1335 VI
376 1272 426 1333 75.
461 1269 499 1332 τὰ
521 1271 597 1353 βέλη
621 1269 661 1352 ἦν
684 1258 877 1353 οἷμφοτέροις
899 1269 1044 1351 ἄχρηστα
1066 1264 1124 1332 καὶ
1146 1265 1184 1330 τὰ
1198 1261 1324 1352 δόρατα

307 1377 341 1463 6)
365 1376 436 1442 duo
446 1375 671 1444 substantiva
681 1375 1087 1462 coniunctaseparantur
1096 1371 1312 1441 subiectoVI
1322 1375 1372 1439 62.

189 1484 450 1566 καταπλαγένιες
476 1476 533 1572 τὴν
560 1485 697 1568 δύναμιν
725 1487 756 1549 οἱ
777 1480 927 1549 Ἰουδαῖοι
953 1480 1010 1548 καὶ
1033 1482 1068 1546 τὸ
1091 1477 1288 1566 παράστημα
1311 1489 1375 1546 aut

189 1588 407 1676 pronomine
436 1593 547 1656 1163.
584 1595 657 1658 σῖτα
684 1589 775 1658 οὗτοι
803 1592 856 1656 καὶ
884 1591 974 1656 ὅπλα
1010 1598 1073 1656 aut
1101 1588 1210 1655 verbo
1238 1590 1372 1654 11452.

193 1697 289 1784 πρὸς
309 1698 345 1762 τὸ
368 1699 501 1782 πλῆθος
522 1699 699 1781 ὑποδείσας
719 1698 833 1763 καὶτὰ
856 1700 1052 1786 φρονήματα

307 1804 338 1890 7)
363 1802 393 1870 si
417 1804 487 1870 duo
503 1804 612 1871 verba
628 1814 665 1871 et
679 1825 792 1870 unum
815 1801 1080 1870 substantivum
1097 1800 1372 1888 coniunguntur,

192 1908 435 1997 interponitur
450 1909 716 1979 substantivum
732 1914 768 1977 11
785 1915 861 1976 312.
895 1913 1042 1994 ᾐκίζοντο
1057 1909 1132 1989 τοὺς
1147 1911 1374 1992 ἁλισκομένους

184 2016 257 2084 ,καὶ
280 2019 470 2106 διέφθειρον.

307 2129 340 2206 8)
365 2124 554 2211 genetivus
571 2146 652 2190 eum
668 2121 893 2191 substantivo
917 2121 1127 2188 coniunctus
1143 2121 1251 2188 verbo
1267 2119 1372 2188 inter-

195 2229 314 2320 posito
338 2242 521 2318 separatur
544 2234 580 2298 ΙΙ
605 2237 655 2298 28.
692 2233 784 2299 σκιὰν
807 2227 1019 2316 αἰτησόμενος
1040 2226 1211 2315 βασιλείας.

302 2395 444 2477 Restat,
484 2416 565 2460 cum
603 2394 647 2460 de
685 2391 862 2479 rhythmis
872 2397 895 2476 ¹)
934 2414 1006 2458 non
1045 2391 1113 2459 sim
1151 2390 1372 2476 disserturus,

197 2497 339 2588 (quibus
374 2499 516 2587 quidem
554 2500 750 2579 orationem
788 2511 995 2568 exornatam
1029 2499 1138 2567 luisse
1170 2501 1303 2584 credas,
1342 2497 1372 2566 si

190 2565 423 2672 bumerosam
457 2607 645 2672 verborum
679 2607 947 2675 collocationem
975 2616 1011 2673 et
1037 2606 1230 2692 figuratam
1264 2628 1372 2672 mem-

188 2713 340 2778 brorum
378 2711 693 2778 conformationem
731 2712 933 2800 perspicias)
972 2721 1013 2778 ut
1051 2733 1240 2798 exponam,
1284 2733 1371 2799 quas

191 2813 351 2884 rationes
375 2813 412 2882 in

547 2999 820 3070 enuntiatorum
843 3004 1025 3069 structura

196 3122 444 3191 observaverit.
476 3124 547 3192 Sed
562 3123 769 3212 priusquam
784 3123 821 3191 in
838 3123 1022 3192 interiores
1039 3123 1237 3192 ambituum
1252 3136 1371 3215 partes

194 3230 409 3297 descendam
436 3242 472 3298 et
495 3253 669 3318 quaeram,
705 3231 790 3319 quid
813 3231 966 3300 voluerit
993 3232 1078 3321 quid
1106 3233 1153 3301 sit
1179 3244 1370 3318 assecutus,

195 3335 350 3405 breviter
387 3361 446 3405 eas
488 3340 618 3405 formas
661 3337 801 3405 dicendi
844 3339 1033 3426 attingam,
1080 3338 1208 3427 quibus
1251 3339 1370 3406 unitas

195 3441 421 3530 periodorum
459 3443 766 3534 cogitatorumque
804 3444 1002 3534 interrupta
1040 3457 1076 3514 et
1114 3447 1255 3514 turbata
1294 3469 1371 3514 esse

195 3549 345 3637 videtur,

654 3717 917 3799 parenthesels.

303 3859 404 3942 Quae
427 3880 508 3924 curn
535 3880 606 3924 non
630 3859 736 3925 modo
760 3858 911 3926 dilatent
933 3857 1103 3927 orationis
1126 3880 1276 3944 cursum,
1308 3857 1370 3926 sed

193 3961 312 4048 etiam,
336 3975 377 4031 ut
401 3963 613 4050 Quintiliani
636 3965 754 4034 verbis
777 3977 864 4049 utar,
891 3965 1008 4033 medio
1032 3987 1193 4034 sermone
1216 3965 1370 4054 aliquem

306 4179 331 4266 ¹)
355 4183 393 4243 cs.
409 4185 448 4243 de
463 4186 589 4262 Josephi
612 4186 722 4244 libellis
746 4195 850 4244 contra
866 4186 1017 4262 Apionem
1033 4185 1162 4246 Crdnert
1184 4203 1235 4246 zur
1257 4186 1369 4262 griech.

192 4273 418 4350 Satzrhythmik.
453 4274 509 4333 Rh.
532 4276 610 4333 Mna.
633 4274 686 4346 54,
708 4295 738 4352 p.
762 4274 836 4338 593.
1352 4301 1355 4308 ’
