3468 5128
704 387 901 450 ..7-

328 597 433 662 1624
468 618 516 683 sq.
552 599 640 664 ἐλέου
675 594 792 688 ἐκβολή
831 593 1096 664 enumeratione
1134 594 1385 665 beneficiorum

222 703 407 770 cumulata

328 814 344 876 I
370 815 434 878 628
459 810 628 898 epilogus.

329 921 345 984 Ι
370 923 546 986 630-635
570 921 666 1009 λόγος
688 921 932 1010 ἀπολογητικός.

326 1028 432 1093 Ι630
455 1025 675 1116 prooemium
709 1049 753 1093 ex
791 1025 1003 1094 accusatoris
1041 1023 1158 1094 verbis
1196 1036 1386 1113 sumptum,

217 1153 288 1218 quo
323 1133 422 1220 quasi
461 1156 533 1203 non
568 1144 774 1221 praeparato
814 1134 1005 1201 censebant
1036 1135 1194 1201 rhetores
1228 1132 1386 1200 animum

215 1239 351 1306 moveri
375 1239 508 1308 iudicis.

326 1349 343 1413 I
368 1351 428 1414 631
455 1346 620 1414 refutatio
643 1347 765 1436 patris:
789 1369 869 1415 reus
892 1347 1045 1436 exponit,
1070 1348 1217 1415 eandem
1238 1370 1312 1416 rem
1326 1371 1386 1436 pa-

217 1452 263 1519 tn'
299 1452 445 1522 utilitati
479 1454 601 1540 fuisse,
631 1454 698 1523 sibi
730 1454 797 1543 ipsi
830 1456 999 1522 damnum
1034 1455 1196 1522 intulisse
1225 1454 1384 1544 (Quintil.

215 1562 267 1629 VI
296 1565 321 1644 l,
345 1560 410 1652 21.)
439 1563 625 1647 accedunt,
654 1573 695 1630 ut
721 1562 794 1632 vim
823 1573 993 1650 augeant,
1027 1561 1165 1650 figurae
1193 1561 1325 1650 dialogi
1349 1573 1385 1630 et

147 1739 150 1749 ⁸
215 1668 489 1756 prosopopoiiae.
537 1669 672 1757 (Quint.
697 1673 748 1740 VI
775 1672 890 1755 1,25.)

321 1776 371 1843 At
396 1778 509 1843 multo
538 1779 654 1862 magis
678 1799 783 1864 quam
806 1780 842 1843 in
867 1778 923 1843 his
946 1779 1171 1861 orationibus
1195 1799 1282 1864 quas
1306 1799 1385 1844 con-

215 1890 344 1949 tractas
368 1894 404 1950 et
426 1883 526 1971 quasi
546 1895 746 1973 amputatas
762 1883 874 1951 obiter
890 1881 996 1971 aitque
1010 1883 1135 1951 leviter
1150 1882 1263 1970 attigi,
1286 1894 1385 1971 patet

214 1986 304 2055 ratio
327 1989 501 2058 rhetorica
523 1989 560 2057 in
583 1989 627 2057 iis
651 2013 738 2078 quas
762 1989 1058 2058 declamationum
1080 1991 1185 2058 modo
1209 2014 1230 2057 a
1253 2013 1291 2057 se
1306 1990 1382 2078 ipso

216 2105 279 2163 aut
313 2095 395 2163 aliis·
425 2103 516 2184 quos'
546 2097 719 2165 celebrare
753 2107 816 2164 aut
843 2096 1036 2164 describere
1065 2106 1219 2181 conatur,
1243 2097 1383 2165 habitas

215 2200 332 2290 fingit
380 2205 539 2288 Quarum
575 2227 655 2271 cum
689 2215 939 2292 argumentum
972 2202 1159 2293 praecipue
1186 2203 1222 2270 in
1253 2227 1383 2292 genere

214 2310 452 2378 suasoriarum
480 2322 678 2401 occupetur,
702 2310 777 2379 sive
800 2312 958 2378 debello
981 2334 1136 2399 paceque
1158 2309 1285 2399 agitur,
1308 2310 1383 2380 sive

214 2417 258 2483 de
280 2416 435 2485 militum
459 2417 586 2486 animis
602 2419 647 2486 ad
662 2441 821 2506 pugnam
839 2417 1097 2504 confirmandis,
1120 2418 1195 2486 sive
1211 2419 1255 2486 de
1269 2429 1382 2486 morte

211 2524 412 2592 voluntaria
439 2526 650 2612 disserenda,
681 2537 842 2616 apertum
870 2537 931 2612 est,
955 2536 991 2594 et
1014 2526 1079 2594 has
1102 2525 1277 2594 orationes
1301 2549 1381 2593 cum

212 2631 361 2706 aliorum
377 2632 632 2718 historicorum,
648 2635 837 2719 rhetorum,
854 2632 1091 2722 sophistarum
1107 2633 1206 2701 velut
1218 2632 1379 2719 Dionysii

214 2737 456 2805 Halicarnasei
492 2739 699 2824 Herodiani,
729 2739 854 2808 Dionis
889 2739 999 2808 Cassii
1034 2751 1096 2808 aut
1130 2739 1380 2808 Demosthenis

212 2841 501 2934 Thucydidisque
529 2845 667 2914 etiamsi
695 2870 766 2914 non
796 2849 840 2914 ad
869 2848 1016 2915 verbum
1040 2845 1237 2915 consentire
1261 2858 1378 2915 tamen

211 2949 329 3019 indole
358 2964 393 3021 et
416 2964 600 3039 structura,
624 2965 660 3022 et
681 2955 878 3043 Josephum
905 2953 1022 3043 ipsum
1045 2955 1185 3022 easdem
1209 2954 1380 3023 dictiones

212 3069 248 3125 et
277 3061 445 3128 formulas
468 3060 608 3150 saepius
632 3061 835 3129 adhibuisse
859 3061 958 3150 quasi
983 3061 1177 3130 tralaticias'
1197 3073 1233 3130 et
1256 3063 1301 3130 ad
1324 3085 1378 3131 res

212 3166 469 3234 elucubrandas
492 3180 616 3256 aptas:

318 3273 459 3357 Quibus,
478 3275 636 3362 repetitis
659 3299 873 3365 quamquam
895 3277 983 3345 mihi
1007 3277 1149 3366 quidem
1172 3277 1378 3365 compositio

211 3378 379 3448 orationis
414 3382 566 3468 quadarn
600 3383 763 3452 satietate
797 3386 974 3452 offendere
1008 3384 1155 3469 videtur,
1191 3395 1309 3452 tamen
1338 3395 1379 3452 ut

211 3488 403 3572 ostendam,
439 3490 614 3576 quomodo
648 3489 723 3579 ipse
758 3515 824 3559 nec
850 3491 968 3560 miuus
999 3491 1058 3559 alii
1086 3491 1271 3578 scriptores
1299 3515 1378 3558 con-

210 3593 421 3682 scripserint,
437 3595 564 3683 quibus
580 3597 665 3664 locis
678 3598 733 3666 usi
745 3598 825 3684 sint,
838 3598 1014 3666 orationes
1026 3620 1222 3687 persequar,
1238 3622 1377 3668 summa

211 3703 363 3770 afferam.

316 3811 367 3877 Ac
389 3810 541 3898 primum
562 3811 705 3899 quidem
728 3812 820 3881 utin
836 3813 995 3902 partibus
1011 3812 1210 3881 orationum
1225 3811 1376 3902 singulis

211 3915 402 3984 tractandis
425 3918 469 3984 de

692 4029 893 4112 prooemiis

209 4130 391 4217 disseram,
418 4131 595 4222 incipiunt
622 4131 797 4201 orationes
826 4133 1034 4222 Vespasiani
1063 4137 1127 4224 (IV
1155 4137 1209 4226 40)
1238 4146 1274 4203 et
1300 4134 1374 4202 Titi

208 4238 273 4326 (VI
298 4239 355 4325 34)
379 4263 399 4306 a
422 4240 606 4327 sententia,
630 4263 736 4329 quam
759 4241 1051 4314 consuetudinem
1074 4244 1213 4333 saepius
1236 4243 1335 4311 velut
1355 4264 1376 4308 a
