3468 5128
680 347 897 407 ..41-

315 556 411 624 Flori
435 556 516 645 epit
544 561 600 642 1,2.
636 566 690 624 tot
712 554 749 621 in
773 552 938 642 periculis
961 552 1114 638 populus
1132 555 1315 618 Romanus
1337 551 1386 618 la-

206 664 421 752 boribusque
436 663 588 731 iactatus
610 673 665 730 est
679 673 721 730 ut
737 664 781 730 ad
799 661 1089 730 constituendum
1105 660 1181 728 eius
1197 659 1386 750 imperium

206 771 432 838 contendisse
455 771 578 840 Virtus
602 781 638 837 et
662 770 821 837 Fortuna
843 769 1040 838 videantur.

316 969 421 1052 Quod
457 968 574 1034 adhuc
601 990 646 1032 ex
669 989 773 1054 opere
794 965 943 1053 Josephi
967 965 1080 1050 attuli,
1115 964 1317 1052 pertinebat
1340 965 1386 1030 ad

206 1097 264 1142 res
288 1085 324 1142 et
347 1096 464 1141 rerum
480 1073 747 1141 exornationem
763 1084 799 1140 et
815 1071 1095 1160 dispositionem3
1119 1094 1216 1139 nunc
1238 1093 1322 1140 vero
1340 1072 1385 1138 ad

594 1289 879 1372 descriptionem
903 1287 1000 1356 vltae

207 1452 418 1518 morumque
434 1441 655 1498 transeamus
672 1452 802 1514 eorum,
819 1452 907 1517 quos
923 1430 1136 1496 excellentes
1151 1438 1188 1495 et
1202 1426 1386 1495 mentione

212 1536 341 1624 dignos
365 1561 441 1604 esse
463 1537 612 1624 putavit

316 1647 435 1732 Atque
458 1655 499 1711 ut
521 1645 675 1732 primum
698 1655 885 1732 praecepta
900 1654 1061 1712 veterum
1083 1641 1302 1732 perspiciam,
1324 1646 1384 1728 Jo-

208 1751 310 1838 sephi
335 1775 450 1838 genus
474 1751 613 1819 dicendi
637 1755 823 1837 conferam,
847 1750 959 1819 rarius
983 1751 1071 1817 illud
1094 1751 1251 1820 Senecae
1271 1749 1386 1817 obser·

209 1881 312 1926 vasse
335 1858 489 1927 videtur:

317 1987 408 2032 suas.
439 1971 520 2050 6,21.
568 1969 721 2056 quotiens
759 1967 883 2052 magni
919 1967 1073 2031 alicuius
1110 1965 1183 2030 oiri
1218 1987 1307 2030 mors
1345 1965 1386 2030 ab

208 2073 381 2138 historicas
413 2079 559 2138 narrata
587 2079 645 2147 est,
676 2074 772 2140 toties
794 2075 870 2153 fere
897 2073 1140 2138 consummatio
1169 2073 1271 2138 tatius
1298 2073 1387 2137 ortae

207 2185 244 2245 et
271 2180 372 2266 quasi
385 2181 552 2266 funebris
580 2182 736 2246 laudatio
763 2181 932 2248 redditur.
968 2181 1029 2245 lroc
1050 2181 1157 2245 semel
1175 2185 1239 2244 aut
1260 2179 1387 2244 iterum

208 2309 231 2350 a
259 2288 453 2372 Thucydide
474 2289 615 2372 sactum
649 2287 686 2352 in
715 2288 936 2374 paucissimis
957 2287 1112 2374 personis
1135 2292 1342 2373 usurpatum
1366 2308 1388 2350 a

209 2394 379 2458 Sallustio
411 2397 445 2458 T.
469 2395 592 2460 Livius
621 2396 803 2482 benignius
830 2396 987 2460 omnibus
1014 2395 1152 2481 magnis
1179 2395 1260 2460 viris
1286 2403 1387 2480 prae-

207 2500 308 2565 stitit.
331 2507 509 2586 sequentes
524 2503 681 2568 historici
694 2504 803 2568 multo
820 2503 861 2567 id
873 2504 1015 2590 effusius
1025 2504 1209 2588 fecerunt:
1231 2500 1390 2567 Ciceroni

210 2608 271 2672 liae
292 2613 336 2672 ut
362 2608 489 2672 Graeco
512 2609 609 2673 verbo
632 2615 714 2674 utar
736 2607 908 2700 inscriptos
930 2610 1056 2674 Livius
1078 2609 1272 2694 rellidit.¹)
1433 2589 1435 2596 ,

319 2713 505 2796 Quomodo
540 2712 584 2778 fit
617 2725 659 2780 ut
692 2737 886 2802 quamqum
920 2714 1066 2782 urbibus
1101 2713 1213 2800 captis
1246 2711 1386 2800 saepius

210 2817 378 2905 adiungit
401 2817 560 2907 epilogos
584 2820 638 2908 (ci.
662 2842 694 2908 p.
719 2822 785 2907 32),
814 2832 933 2888 tamen
962 2843 1152 2887 enumero
1180 2842 1302 2888 eorum
1325 2817 1386 2907 qui

210 2935 414 3014 pugnantes
437 2925 569 3014 primas
592 2938 710 3016 partes
727 2928 890 3014 agebant
914 2927 1093 2995 interdum
1116 2926 1249 3014 pugnis
1266 2926 1387 3014 singu·

209 3031 343 3099 laribus
360 3032 537 3118 coniectis,
553 3055 626 3101 uno
641 3035 718 3102 loco
735 3045 854 3102 autem
870 3035 1009 3102 duobus
1025 3033 1266 3102 sacerdotibus
1281 3033 1387 3101 inter-

209 3139 312 3206 iectis
336 3139 408 3228 (IV,
432 3141 518 3230 318),
541 3151 583 3207 ut
604 3141 805 3227 Polybianis
829 3128 945 3210 uerbis
965 3153 1047 3210 utar
1069 3146 1156 3229 (Leo
1179 3143 1200 3209 l.
1215 3143 1238 3212 l.
1259 3165 1291 3231 p.
1310 3140 1386 3230 249)

211 3249 457 3332 ἐπιμετροῦντας
478 3251 532 3314 καὶ
555 3251 826 3323 ἐπιὸιὸάσκοντας
848 3253 964 3334 λόγους
991 3248 1128 3316 adiciat

319 3353 542 3441 Explicatius
566 3366 686 3422 autern
709 3367 746 3424 et
768 3356 974 3441 accuratius,
999 3357 1028 3423 si
1049 3355 1175 3424 omitto
1198 3355 1387 3423 nationum

212 3459 473 3547 descriptiones,
509 3484 659 3550 quarum
692 3473 857 3531 naturam
883 3463 1127 3551 rationemque
1162 3462 1302 3550 saepius
1330 3486 1387 3530 ex-

210 3567 441 3653 planantibus
456 3569 573 3636 verbis
588 3572 727 3654 notat²)‚
744 3580 872 3638 tractat
885 3572 1065 3660 Josephus
1081 3581 1117 3637 et
1128 3568 1388 3658 Vespasianum

212 3696 426 3710 ———-

324 3768 347 3844 ¹)
382 3771 420 3828 cs.
447 3770 525 3840 Leo,
559 3771 762 3847 griech.·rdm.
790 3771 970 3848 Biographie
1005 3791 1034 3846 p.
1062 3770 1137 3834 235.
1185 3772 1223 3829 de
1262 3773 1386 3830 scholae

213 3858 479 3918 exercitationibus
508 3861 578 3918 Sen.
601 3861 688 3936 epist.
712 3860 764 3928 95,
788 3859 845 3921 65:
880 3861 1046 3919 Posidonius
1072 3863 1116 3920 ait
1141 3861 1234 3919 utilem
1253 3863 1386 3935 staturam

212 3955 239 4002 et
271 3947 475 4024 descriptionem
510 3951 639 4026 curiaque
673 3951 798 4008 ornatos:
836 3951 910 4008 hanc
946 3949 1111 4027 ethologian
1146 3960 1237 4020 vocat,
1270 3951 1386 4027 quidam

212 4035 440 4096 characten'smon
463 4039 614 4114 appellant,
640 4040 722 4116 signa
745 4041 874 4115 curiasque
896 4040 1006 4097 uirtutis
1027 4059 1061 4096 ac
1083 4040 1149 4098 or'tii
1172 4050 1199 4098 et
1224 4049 1304 4098 notas
1326 4039 1386 4096 red·

212 4124 319 4182 dentem
342 4127 442 4202 qut'bus
464 4129 537 4186 inter
555 4148 583 4186 sc
604 4128 711 4186 similia
733 4129 967 4188 discriminentur.

322 4213 344 4290 ²)
370 4215 407 4274 cf.
431 4216 470 4273 de
493 4235 605 4293 genere
622 4217 762 4284 Wolfflin,
776 4218 885 4276 Archiv
900 4217 946 4275 sir
960 4219 1012 4275 lat
1027 4217 1184 4294 Lexikogr.
1200 4217 1266 4286 XII,
1289 4236 1318 4292 p.
1334 4215 1388 4278 26.
