3468 5128
694 385 910 448 ..39-

214 595 349 669 τεύξεως
370 595 427 678 τὴν
450 595 621 679 ἀναβολήν,
645 585 712 659 ἀλλ’
736 598 839 668 οὕτως
861 597 1023 678 ἐξεχέοντο
1046 596 1162 666 πάντες
1185 597 1310 677 ἀθρόοι,
1337 597 1392 661 καὶ

215 706 318 768 πᾶσιν
352 703 573 788 εὐπορώτερον
600 703 653 768 καὶ
680 707 758 790 ῥᾷον
781 701 886 768 ἐδόκει
907 709 963 766 τοῦ
986 703 1093 786 μένειν
1115 701 1150 766 τὸ
1174 703 1315 774 ἀπιέναι,
1344 704 1392 776 ὡς

214 806 271 874 καὶ
293 808 353 892 τὴν
368 809 465 875 πάλιν
487 809 585 893 αὐτὴν
607 810 679 874 τότε
692 815 825 894 πρῶτον
841 811 874 874 ἕν
890 812 986 894 ἑαυτῇ
1002 811 1112 894 λαβεῖν
1128 807 1391 894 ὀλιγανθρωπίας

216 910 370 999 αἴσθησιν
393 916 493 980 ἰδίαν·
528 915 610 999 ἦσαν
640 916 701 1004 γὰρ
724 917 871 988 ἐλάττους
892 923 957 981 τῶν
981 917 1151 981 ἀπιόντων
1174 912 1206 981 oi
1229 919 1389 999 μένοντες.

321 1023 369 1087 At
385 1030 426 1087 ut
441 1021 583 1087 redeam
606 1021 650 1086 ad
666 1019 824 1106 έκφρασιν
840 1030 896 1088 τοῦ
912 1024 1005 1106 λιμοῦ
1020 1024 1074 1088 καὶ
1088 1024 1214 1106 λοιμοῦ,
1238 1020 1391 1088 dilucide

214 1137 251 1194 et
285 1125 531 1214 significanter
565 1137 712 1194 terrores
747 1139 783 1196 et
810 1149 959 1214 pavores
987 1125 1154 1214 exprimit
1181 1138 1218 1194 et
1244 1125 1414 1216 exponit¹

213 1234 401 1320 JosephuS,
434 1233 490 1300 cni
525 1256 598 1302 non
623 1233 709 1301 satis
733 1232 874 1301 videtur
896 1233 933 1300 in
958 1233 1165 1302 universum
1188 1234 1390 1322 depingere,

213 1341 274 1406 sed
299 1338 407 1406 etiam
431 1342 593 1430 exemplo
615 1339 739 1407 matris
763 1362 854 1427 quae
876 1340 1054 1408 infantem
1078 1339 1196 1424 esurit,
1220 1339 1295 1408 vim
1318 1363 1390 1408 am-

214 1444 371 1533 plificare
406 1457 562 1515 conatur.
573 1452 596 1529 ¹)
643 1445 826 1525 Dictiones
861 1457 982 1514 autem
1017 1457 1053 1514 et
1088 1446 1245 1534 cogitata
1278 1446 1390 1514 rarius

210 1551 344 1639 ¹repetit
366 1555 467 1621 velut

321 1663 371 1729 VI
390 1666 462 1728 213.
497 1663 705 1747 μακαρισμὸς
731 1670 796 1729 τῶν
824 1664 1018 1753 φθανόντων
1041 1695 1075 1717 ω
1099 1665 1204 1746 Ι184,
1228 1665 1390 1747 V11372,

215 1769 267 1834 IV
283 1771 348 1833 385
372 1778 408 1834 et
431 1771 565 1836 θάπτειν
586 1771 660 1842 τοὺς
681 1773 913 1855 προσήκοντας
936 1773 996 1834 οὐκ
1019 1766 1131 1854 ίσχνον
1159 1767 1191 1836 οἱ
1214 1773 1391 1853 κάμνοντες

216 1905 251 1928 Ν
274 1877 308 1944 V
324 1873 398 1958 514,
423 1878 475 1944 IV
491 1881 565 1959 382,
590 1879 642 1945 IV
658 1881 732 1960 317,

322 1980 382 2067 qui
405 1979 473 2047 loci
497 2003 585 2068 quos
608 1981 685 2048 lieri
708 2004 781 2048 non
804 1991 931 2068 potest,
954 1993 996 2048 ut
1018 2003 1141 2048 omnes
1164 1993 1201 2048 et
1225 1980 1391 2068 colligam

214 2097 251 2153 et
285 2109 496 2172 enumerem,
531 2083 637 2154 simili
671 2089 749 2154 loco
777 2087 872 2160 Livii
897 2086 1162 2174 complectentis
1186 2111 1207 2155 a
1233 2089 1391 2176 Josepho

214 2216 354 2281 quoque
377 2193 563 2262 adhibitos
576 2197 824 2282 explanentur:

321 2319 398 2392 Liv.
414 2323 527 2406 XXV,
552 2325 640 2406 26,8:
658 2327 829 2407 postremo
852 2321 903 2386 ita
928 2322 1155 2386 adsuetudine
1170 2322 1257 2386 mali
1270 2323 1391 2408 effera·

214 2433 337 2492 verant
367 2429 500 2494 animos
533 2434 575 2493 ut
607 2451 676 2494 uon
711 2430 806 2494 mado
830 2429 979 2494 lacrimis
1002 2429 1160 2514 iustoque
1183 2430 1392 2516 complorata

208 2541 499 2620 prosequerentur
531 2541 678 2601 mortuos
711 2537 774 2601 sea'
804 2559 848 2602 ne
876 2537 1036 2624 efferrent
1057 2536 1194 2621 quidem
1218 2542 1282 2601 aut
1301 2544 1391 2622 sepe-

215 2641 323 2706 lirent
355 2643 570 2728 iacerentque
603 2649 715 2707 strata
739 2644 901 2708 exanima
925 2651 1062 2728 corpora
1086 2643 1123 2706 in
1147 2648 1324 2727 conspeetu
1345 2643 1391 2706 si-

214 2748 331 2812 milem
355 2753 494 2813 mortem
509 2750 779 2834 exspectantium
795 2750 986 2834 mortuique
1001 2771 1127 2834 aegros,
1152 2750 1251 2834 aegri
1264 2749 1391 2813 validos

110 2865 112 2868 '
215 2875 291 2919 cum
315 2860 408 2920 metu
431 2860 504 2919 tum
521 2855 594 2920 tabe
616 2878 655 2919 ac
672 2855 836 2941 pestifero
859 2855 958 2919 odore
982 2857 1191 2940 conficerent.

322 2977 586 3067 Descriptiones
607 2989 727 3046 autem
751 3001 818 3063 eas,
843 3000 930 3066 quas
955 2979 999 3044 ad
1016 2978 1242 3045 delectandos
1259 2989 1295 3045 et
1310 2979 1389 3045 edo-

151 3141 152 3145 ,
217 3086 347 3153 cendos
381 3088 528 3153 lectores
564 3085 741 3153 inserebat
775 3087 874 3153 velut
908 3085 1096 3172 regionum
1131 3097 1167 3152 et
1189 3087 1390 3152 fabularum

215 3192 281 3280 (IV
303 3196 490 3272 529--533)
526 3203 562 3260 et
584 3204 759 3260 sectarum
783 3195 833 3280 (11
861 3195 945 3277 119),
981 3215 1062 3258 cum
1095 3191 1249 3260 breviter
1283 3203 1391 3280 atque

214 3299 328 3366 obiter
343 3299 528 3386 attingam,
544 3299 667 3386 paucis
683 3301 727 3366 de
742 3299 792 3366 rei
806 3303 1048 3366 Romanorum
1063 3299 1225 3366 militaris
1241 3299 1391 3386 descrip-

215 3403 311 3472 tione
334 3408 586 3494 (11170-109)
610 3407 788 3492 disseram,
817 3429 923 3494 quam
947 3405 983 3473 in
1008 3429 1155 3472 numero
1178 3417 1244 3472 τῶν
1267 3404 1389 3494 ἐκφρά-

215 3537 298 3579 σεων
320 3514 522 3580 habendam
546 3536 622 3580 esse
645 3537 750 3580 nemo
774 3525 829 3580 est
851 3513 911 3601 qui
935 3524 1045 3600 neget
1067 3512 1097 3579 si
1122 3515 1278 3580 conferat
1300 3511 1389 3578 illud

214 3619 353 3687 Nicolai
388 3624 617 3708 προγυμνάσμ.
652 3622 756 3689 Rhet.
785 3622 844 3689 Gr.
870 3624 925 3686 III
959 3643 991 3708 p.
1021 3625 1082 3686 491
1113 3621 1172 3707 Sp.
1212 3622 1391 3706 διηγήσεως

215 3731 294 3794 ἐστιν
318 3733 425 3795 εἶπεῖνῐ
466 3731 680 3814 ἐπολέμησαν,
713 3729 900 3814 ἔκφράσεως
924 3731 960 3796 δέ
983 3732 1034 3795 ὅτι
1064 3730 1173 3814 τοιᾷδε
1203 3727 1259 3794 καὶ
1281 3729 1391 3812 τοιᾷδε

215 3837 363 3920 ἑκάτεροι
386 3843 574 3921 παρασκευῇ
598 3839 774 3921 ἐχρήσαντο
797 3838 850 3903 καὶ
869 3838 952 3920 τῷδε
966 3845 1013 3920 τῷ
1026 3837 1140 3919 τρόπῳ
1155 3843 1210 3919 τῆς
1225 3833 1389 3907 ὁπλίσεως.

325 4072 346 4145 ¹)
372 4075 410 4131 de
443 4076 501 4131 hac
530 4092 563 4132 re
596 4074 677 4148 apud
701 4073 910 4148 Hegesippum
935 4073 1104 4149 diligentius
1128 4073 1278 4150 explicata
1302 4072 1389 4146 Wey-

215 4179 296 4230 man,
319 4163 428 4220 Archiv
451 4162 497 4220 fiir
525 4165 575 4220 lat.
598 4161 701 4224 Lexik.
722 4161 802 4219 XIV.
825 4183 855 4237 p.
876 4159 928 4222 59.
963 4164 1044 4238 apud
1067 4165 1203 4221 rhetores
1225 4164 1269 4219 Ps.
1293 4160 1388 4228 Quin·

214 4250 310 4308 titiani
334 4252 517 4310 declamatio
541 4252 608 4312 XII.
