3468 5128
715 412 935 484 ὼς]-

344 629 383 695 εδ
406 638 515 714 σχῆμα
538 629 593 696 καὶ
618 633 779 714 εἰρώνειαν
801 641 857 698 τοῦ
881 634 1087 717 δικαστηρίου
1110 635 1233 708 παίζειν
1261 634 1313 700 IV
1337 637 1412 698 340.

343 739 526 820 πομπεύειν
548 737 756 822 παρανομίαν
779 741 815 804 ΙΙ
829 743 902 805 277.

345 846 527 910 συντιθέναι
550 845 670 928 σκηνὴν
691 847 889 930 πανουργίας
913 848 948 910 ΙΙ
963 850 1036 912 591.

344 949 541 1034 σοφίζεσθαι
565 952 624 1035 τὴν
646 954 719 1036 βίον
742 954 796 1016 ΙΙΙ
811 956 885 1021 222.

343 1077 460 1158 βέλη”
444 1076 507 1140 υπὸ
529 1083 584 1159 τῆς
607 1065 750 1160 ἀναγκης
771 1073 994 1163 χορηγούμενα
1017 1079 1068 1143 VI
1083 1081 1123 1142 23
1148 1106 1183 1135 ω
1207 1079 1258 1145 IV
1271 1082 1334 1143 348
1360 1078 1412 1164 (cf.

235 1179 765 1270 Schmid,Atticismus1Vp
788 1186 859 1248 718.
906 1184 1116 1266 Wendland,
1141 1182 1261 1249 Philos
1280 1182 1415 1251 schrift

236 1286 324 1352 uber
347 1285 404 1352 die
427 1288 642 1375 Vorsehung
665 1311 696 1375 p
718 1289 802 1372 113).

345 1411 513 1499 Sequitur
536 1423 577 1479 ut
599 1425 744 1498 mecon)
745 1435 834 1479 m1as
859 1423 895 1479 et
918 1413 1181 1480 antonomasias
1205 1413 1333 1500 quibus
1357 1436 1413 1481 res

235 1541 300 1605 pro
335 1519 404 1586 alia
438 1541 475 1584 re
498 1518 650 1605 ponitur,
685 1519 807 1607 paucis
832 1531 987 1604 tractem,
1016 1543 1106 1608 quae
1129 1520 1241 1587 rarius
1265 1519 1413 1588 inventa

236 1624 390 1694 breviter
414 1627 650 1714 complectens
675 1626 867 1715 attingam:

343 1773 406 1838 pro
425 1751 682 1836 Hierosolymis
706 1751 805 1820 dicit:
831 1756 881 1818 ἐπὶ
902 1755 958 1838 τὴν
980 1752 1075 1838 ῥίζαν
1101 1754 1254 1840 [δραμεῖν]
1272 1755 1323 1821 VI
1337 1758 1410 1820 339.

343 1880 407 1945 pro
431 1857 649 1925 hominibus:
674 1867 771 1943 σῶμα
795 1850 1025 1926 άναιδέστατον
1048 1861 1134 1926 184.
1182 1858 1411 1943 δυσσεβεστάτη

235 1968 359 2050 κεφαλή
389 1968 405 2028 Ι
432 1969 503 2030 618.
551 1967 771 2050 πατροκτόνος
799 1968 920 2050 κεφαλή
950 1968 966 2029 Ι
992 1969 1065 2031 500.
1112 1967 1230 2050 μιαρός
1257 1987 1321 2051 pro
1343 1967 1413 2037 υίὸς

235 2074 340 2137 1622
365 2105 399 2128 Ν
424 2075 440 2136 Ι
466 2075 539 2154 627,
574 2075 743 2154 V11267‚
779 2074 829 2139 VI
857 2076 927 2137 124.
973 2073 1089 2155 θηρίον
1113 2074 1129 2136 Ι
1154 2075 1219 2136 586
1242 2101 1277 2129 ω
1302 2075 1411 2155 1589,

235 2182 252 2244 I
278 2184 350 2263 624,
375 2182 391 2244 Ι
417 2183 490 2263 627,
515 2181 567 2247 IV
587 2182 659 2244 262.
707 2181 844 2264 θύματα
878 2180 935 2245 καὶ
962 2176 1158 2263 καθάρματα
1180 2201 1244 2264 pro
1269 2179 1413 2268 ζηλωταί

235 2289 287 2355 IV
304 2291 376 2352 241.
424 2288 600 2375 σύγκλυδες
623 2287 678 2352 καὶ
702 2288 789 2353 νόθα
811 2283 995 2371 φθάρματα
1018 2287 1052 2352 V
1073 2291 1147 2354 444.
1194 2287 1325 2370 δόματα
1347 2309 1411 2373 pro

234 2393 384 2479 πρέσβεις
412 2397 428 2459 Ι
454 2399 526 2460 378.
574 2397 759 2482 γενηθέντες
793 2392 828 2459 ἐν
860 2396 935 2480 τῇδε
968 2401 1006 2478 τῇ
1040 2396 1134 2479 χώρα
1161 2397 1215 2462 καὶ
1241 2398 1412 2480 τραφέντες

233 2502 298 2565 ὑπὸ
320 2509 384 2572 τοῖς
407 2505 571 2588 ἡμετέροις
595 2504 685 2568 ἔθεσι
707 2523 770 2589 pro
794 2501 941 2584 Judaeis
965 2503 1017 2568 IV
1033 2506 1105 2570 183.

341 2625 417 2688 alia.
515 2675 517 2680 .

340 2730 436 2808 πόλις
452 2732 599 2813 ἡγεμονίς
613 2751 677 2814 pro
693 2729 845 2795 Athenis
862 2734 897 2796 ΙΙ
910 2735 982 2796 358.
1018 2728 1188 2817 πολιορκία
1203 2751 1266 2815 pro
1281 2732 1410 2817 πολιορ-

234 2839 386 2922 κούμενοι
409 2838 491 2900 Ι10.
537 2837 724 2920 δυσώπημα
747 2857 810 2922 pro
835 2840 910 2923 γυνή
935 2839 1038 2902 1509.
1085 2839 1183 2915 πόλις
1197 2857 1260 2922 pro
1278 2838 1410 2902 πολῖται

234 2947 304 3013 VII
329 2948 404 3011 200.
450 2945 732 3028 προσκυνούμενος
757 2949 866 3026 χῶρος
893 2964 956 3030 pro
985 2940 1067 3026 ἱερόν
1100 2945 1152 3011 IV
1176 2947 1248 3009 262.
1296 2945 1411 3014 πόλεις

232 3059 445 3137 προσκυνοῦσι
466 3052 522 3122 τὰς
536 3050 690 3122 ύπατικὰς
706 3046 847 3134 ῥάβδους
862 3070 926 3134 pro
938 3049 1116 3133 Ῥωμαίους
1128 3052 1163 3114 ΙΙ
1178 3053 1251 3114 366.
1298 3053 1411 3134 κέχηνα

232 3158 268 3221 τὸ
303 3159 405 3240 στόμα
438 3157 494 3222 καί
529 3158 651 3224 λέλυται
679 3159 698 3241 ἡ
724 3157 849 3240 γλώσση
874 3159 891 3220 Ι
920 3159 958 3221 16
986 3177 1050 3243 pro
1074 3154 1177 3244 loqui.
1223 3159 1322 3236 νόσος
1344 3177 1409 3242 pro

234 3259 340 3334 στάσις
363 3265 399 3327 ΙΙ
416 3268 463 3328 11.
511 3257 668 3346 άλιτήριοι
684 3265 735 3330 VI
753 3266 814 3327 126
830 3286 893 3350 pro
916 3263 1071 3348 Judaeis
1119 3266 1267 3348 σιδήρειοι
1293 3265 1326 3331 V
1342 3265 1408 3328 416

234 3369 287 3455 (ci
311 3364 647 3454 Aeschin.111166).
690 3370 830 3434 Ἰουδαία
854 3391 917 3454 pro
936 3373 1082 3438 Ἰουδαῖοι
1099 3374 1199 3436 1185.
1246 3376 1409 3458 γηρῶντες

232 3477 296 3542 ύπδ
331 3472 479 3559 κράνεσιν
510 3477 562 3542 IV
586 3479 659 3540 593.
705 3476 894 3559 αὐθαίρετος
925 3479 1027 3562 εἱρκτὴ
1050 3498 1115 3564 pro
1137 3473 1231 3554 πόλις
1254 3477 1308 3538 ΙΙΙ
1337 3465 1415 3540 144.

233 3582 330 3663 νόσος
345 3604 408 3669 pro
432 3586 514 3669 ἔρως
537 3585 642 3650 1484.
689 3590 767 3668 φῶς,
785 3604 848 3668 pro
868 3588 939 3669 βίος
962 3587 1064 3650 1520.
1110 3581 1268 3649 Γαλιλαία
1282 3584 1410 3653 πολλοῖς

233 3692 347 3774 ἱδρῶσι
373 3687 632 3775 προγυμνάσασα
648 3691 826 3775 Ῥωμαίους
850 3693 901 3757 IV
921 3695 992 3758 120.
1036 3687 1221 3772 Ῥωμαίους
1247 3686 1410 3767 ύπόπτας

232 3801 404 3882 πεποίηκεν
426 3801 445 3882 ἦ
469 3799 658 3881 ὑποχείριος
680 3797 833 3863 Γαλιλαία
858 3800 911 3865 IV
928 3801 1003 3862 249.
1047 3794 1156 3879 Συρία
1182 3798 1344 3879 μετέωρος
1367 3795 1408 3878 ἦν

234 3905 340 3970 1542.
388 3908 422 3971 αί
443 3906 546 3989 φυγαί
569 3906 678 3970 αὐτῶν
701 3925 764 3992 pro
787 3905 901 3988 ἄνδρες
924 3906 979 3968 ΙΙΙ
997 3907 1072 3968 296.

341 4048 467 4114 Restat
501 4057 542 4114 ut
578 4057 711 4114 ceteras
746 4057 864 4131 tropos
899 4066 1177 4129 commemorem,
1210 4065 1297 4130 quas
1331 4065 1402 4108 non

231 4153 378 4218 modum
401 4151 574 4220 usitatum
598 4153 874 4238 sollemnemque
897 4152 1106 4219 excedentes
1122 4149 1209 4218 satis
1223 4147 1312 4216 mihi
1329 4171 1406 4216 esse

232 4255 374 4326 videtur
396 4283 613 4328 enumerare:

1299 4400 1316 4456 6
