3468 5128
840 408 1061 470 ..24-

372 619 518 703 φαίνεται
540 616 596 684 καὶ
611 613 682 685 τότε
704 642 734 684 τι
748 620 812 683 τῶν
833 615 1015 703 μελλόντων
1037 623 1172 711 προορᾷ.
1196 627 1232 686 et
1248 616 1350 686 Philo
1373 619 1417 686 de
1433 639 1545 685 somn.

373 727 408 790 II
426 729 454 806 2,
475 730 500 791 1.
524 723 576 812 (ci
594 723 703 808 Cohn,
719 722 861 795 Einteil.
878 725 952 792 und
970 725 1131 794 Chronol.
1153 725 1215 792 der
1229 724 1407 796 Schriften
1426 723 1546 792 Philos

375 830 496 898 Philol.
520 830 640 918 Suppl.
673 835 766 915 1899,
793 853 825 918 p.
847 831 933 921 402.)
962 831 1029 900 alii.
1059 831 1253 902 Continuat
1281 842 1400 900 autem
1428 831 1548 920 dispu-

376 936 546 1004 tationem
569 947 685 1005 orator
707 939 869 1026 exemplo
893 937 1029 1008 alienae
1052 937 1180 1028 gentis.

480 1046 640 1113 V11351.
674 1047 736 1112 ἔδει
762 1047 821 1132 μὲν
848 1047 905 1114 οὖν
927 1051 1013 1133 ἡμᾶς
1036 1049 1139 1120 ἄλλοις
1161 1040 1242 1116 εἶναι
1263 1044 1468 1135 παράδειγμα
1489 1055 1548 1132 τῆς

375 1155 418 1225 είς
450 1154 597 1220 θάνατον
629 1153 838 1239 ἑτοιμότητος.
874 1157 912 1222 οὐ
943 1147 1010 1246 μὴν
1044 1147 1112 1222 ἀλλ’
1136 1157 1165 1222 εί
1195 1155 1249 1221 κοί
1281 1162 1336 1239 τῆς
1368 1155 1456 1242 παρὰ
1478 1162 1548 1222 τῶν

376 1261 562 1352 ἀλλοφύλων
586 1261 733 1345 δεόμεθα
754 1263 898 1345 πίστεως,
920 1263 1095 1349 βλέψωμεν
1118 1264 1162 1334 εἰς
1181 1261 1310 1346 Ἰνόοοίς,
1334 1262 1428 1348 quod
1444 1259 1548 1334 Luci-

376 1387 466 1434 anus
481 1363 519 1433 in
535 1364 642 1434 satira
664 1367 736 1452 περί
757 1375 815 1452 τῆς
829 1368 1025 1458 Περεγρίνου
1040 1370 1186 1454 τελευτῆς
1208 1371 1251 1434 25
1267 1369 1377 1436 affert
1417 1369 1547 1456 (Verba

377 1481 505 1557 autem,
529 1494 618 1560 quae
641 1473 685 1540 de
708 1471 807 1540 Indis
830 1473 922 1541 iacit

483 1582 644 1649 V11356.
680 1586 759 1670 ῥᾷον
785 1581 846 1666 γὰρ
874 1584 1013 1662 ἐκείνους
1040 1584 1083 1655 είς
1108 1582 1167 1650 τὸν
1189 1584 1334 1651 θάνατον
1357 1587 1387 1652 ολ
1409 1585 1547 1669 φίλτατοι

377 1689 602 1773 προπέμπουσι
635 1692 655 1774 ἢ
682 1694 745 1755 τῶν
773 1689 876 1755 ἄλλων
903 1691 1089 1775 ἀνθρώπων
1111 1692 1238 1758 ἔκαστοι
1260 1691 1333 1772 τοὺς
1354 1693 1482 1772 πολίτας
1504 1695 1548 1764 είς

377 1781 534 1881 μηνιίστην
549 1796 731 1880 ἀποοημίαν
751 1817 861 1882 aeque
877 1805 984 1884 atque
1000 1796 1044 1863 de
1059 1794 1162 1865 Getis
1176 1795 1343 1883 Julianus
1358 1820 1389 1885 p.
1407 1803 1471 1865 327
1488 1798 1546 1884 Sp.

382 1905 420 1969 οὐ
444 1903 504 1988 γὰρ
527 1904 757 1988 ἀποθνήσκειν
780 1903 859 1969 ἀλλὰ
881 1907 1116 1988 μετοικίζεσθαι
1143 1904 1324 1990 νομίζοντες
1346 1907 1548 1992 ἑτοιμότερον

380 2011 457 2076 αὐτὸ
491 2017 632 2077 ποιοῦσιν
666 2014 686 2096 ἢ
717 2011 772 2083 τὰς
805 2013 993 2096 ἀποόημίσς
1025 2014 1237 2099 ὑπομένουσι,
1273 2012 1318 2080 ad
1352 2010 1440 2079 illud
1476 2012 1550 2078 Pla-

380 2115 546 2201 tonicum,
581 2117 675 2203 quod
708 2137 802 2184 mors
837 2128 891 2185 est
920 2119 1095 2206 quaedam
1122 2117 1222 2207 quasi
1257 2118 1424 2206 migratio
1459 2141 1550 2186 com-

378 2221 599 2310 mutatioque
621 2222 725 2308 vitae,
748 2235 906 2311 spectare
928 2225 1114 2314 videntur.)

488 2346 659 2434 Reliquae
695 2357 813 2434 partes
852 2348 1021 2416 orationis
1059 2349 1226 2438 quoniam
1272 2348 1309 2416 in
1349 2349 1551 2418 domesticis

381 2453 598 2540 Judaeorum
637 2452 806 2541 exemplis
843 2466 1042 2542 versantur,
1080 2455 1211 2544 epilogi
1249 2468 1369 2524 autem
1406 2456 1552 2542 indoleS,

381 2558 480 2645 ratio,
512 2558 579 2627 loci
607 2558 644 2626 in
673 2558 823 2648 epilogis
851 2561 1063 2632 disserendis
1090 2562 1181 2631 inira
1209 2563 1424 2650 tractabitur,
1455 2586 1552 2632 nunc

382 2667 420 2735 in
433 2665 751 2756 argumentationis
764 2668 953 2756 generibus
969 2670 1159 2761 formisque
1171 2670 1412 2761 perquirendis
1424 2671 1461 2739 id
1473 2694 1551 2758 age,

382 2785 424 2844 ut
447 2798 576 2862 eruam,
600 2798 687 2864 quos
709 2776 804 2845 locos
825 2779 1005 2868 Josephus
1027 2779 1065 2848 in

828 3031 1112 3101 allocutionibus

385 3178 468 3236 ante
497 3191 639 3258 pugnas
671 3170 802 3240 habitis
834 3182 875 3238 ut
905 3170 1060 3237 militum
1094 3168 1230 3238 animos
1262 3167 1487 3237 confirmaret
1518 3179 1554 3236 et

384 3274 547 3344 incitaret
562 3275 769 3345 adhibuerit
817 3281 915 3363 Quas
930 3299 1003 3346 non
1025 3279 1132 3344 modo
1152 3277 1245 3344 inter
1264 3300 1305 3345 se
1319 3278 1451 3344 multos
1475 3299 1554 3344 con-

385 3406 509 3451 sensus
532 3385 670 3470 habere‚
702 3385 895 3453 sedetiam
923 3408 1004 3452 cum
1030 3407 1232 3473 pugnarum
1260 3383 1554 3473 descriptionibus

386 3490 526 3581 saepius
561 3493 757 3578 convenire,
791 3503 827 3560 et
853 3515 916 3580 per
949 3515 987 3559 se
1021 3503 1074 3560 est
1107 3490 1335 3580 conspicuum
1369 3503 1406 3560 et
1431 3503 1555 3579 postea

387 3597 594 3686 explicatius
627 3610 745 3687 potest
778 3598 1023 3686 demonstrari;
1058 3622 1154 3667 nunc
1188 3622 1270 3668 vero
1304 3598 1458 3666 maxime
1491 3601 1555 3666 ire-

387 3717 574 3794 quentatos
590 3708 685 3774 locos
701 3709 818 3792 aliero,
842 3706 969 3795 quibus
990 3706 1192 3796 compositis
1207 3707 1385 3794 Josephus
1401 3706 1555 3794 primum

387 3817 457 3900 περὶ
478 3812 577 3901 τύχης
599 3814 716 3884 verbis
739 3815 1022 3904 dictionibusque
1045 3814 1202 3903 repetitis
1223 3815 1405 3900 declamat,
1428 3813 1555 3882 deinde

388 3922 540 4010 quadam
554 3921 700 4008 synerisi
710 3921 860 3990 virtutes
872 3927 1114 3990 Romanorum
1126 3933 1161 3990 et
1169 3921 1387 4008 Judaeorum
1400 3921 1555 4010 opponit,

389 4027 540 4116 denique
563 4039 605 4096 ut
619 4029 817 4098 subsidium
840 4041 876 4098 et
895 4029 1118 4119 providentia
1140 4027 1196 4096 dei
1220 4040 1282 4096 aut
1299 4029 1470 4097 Romanis
1494 4039 1557 4097 aut

388 4135 535 4223 Judaeis
557 4138 676 4206 faveat
699 4139 806 4206 duces
828 4139 1013 4226 loquentes
1035 4148 1071 4206 et
1093 4145 1254 4225 petentes
1277 4135 1393 4226 fingit

497 4263 601 4349 Quod
624 4263 749 4333 doceat
771 4274 992 4352 conspectus:
