3468 5128
819 395 1039 456 „44-

449 606 485 670 11
502 607 575 670 278.
611 604 745 676 Γέσσιος
764 604 896 691 Φλῶρος
918 603 957 687 ἦν
979 603 1040 688 μὲν
1056 605 1089 668 έν
1103 610 1168 675 τοῖς
1183 604 1329 682 ἐλεεινοῖς
1345 603 1539 686 ὠμότατος,

341 713 375 778 ἔν
398 712 434 779 δὲ
455 715 523 784 τοῖς
545 707 688 798 αἰσχροῖς
710 709 945 790 ἀναιδέστατος.

448 818 500 884 VI
517 821 568 883 81.
604 819 663 882 οὐκ
687 819 814 907 ἄσημος
837 821 884 882 ὢν
908 818 988 901 ἀνὴρ
1012 819 1128 886 ὅπλων
1142 841 1174 883 τε
1190 816 1348 901 ἐμπειρίᾳ
1368 818 1421 882 καὶ
1437 818 1538 901 ἀλκῇ

342 926 496 1009 σώματος
518 923 573 990 καὶ
597 931 704 1008 ψυχῆς
726 927 947 1009 παραστήματι
961 926 1090 990 πάντων
1106 926 1230 1010 ἄριστος
1241 954 1275 978 Ν
1289 926 1324 988 ΙΙ
1340 927 1391 1006 60,
1415 925 1451 988 II
1468 928 1535 989 57.

449 1031 500 1098 VI
521 1033 590 1096 169.
627 1033 708 1118 ἀνὴρ
732 1039 830 1115 σῶμα
853 1032 976 1116 βραχὺς
990 1031 1046 1097 καὶ
1062 1033 1122 1116 τὴν
1137 1034 1214 1114 ὄψιν
1230 1032 1536 1116 εὐκαταφρόνητος.

342 1140 454 1222 γένους
475 1127 510 1203 δ’
534 1140 629 1206 ἕνεκα
651 1137 708 1204 καὶ
730 1145 795 1204 τῶν
818 1141 922 1204 ἄλλων
944 1141 1076 1223 ἄσημος.

449 1247 611 1312 V11196.
646 1247 803 1329 τολμῆσαι
831 1246 955 1332 θρασὺς
982 1248 1037 1312 καὶ
1064 1246 1148 1312 κατὰ
1182 1253 1288 1331 χεῖρας
1313 1247 1532 1330 δραστήριος.

448 1353 609 1419 V11232.
646 1355 709 1418 νέοι
742 1351 800 1418 καὶ
833 1353 986 1436 πολέμων
1018 1355 1140 1436 ἄπειροι
1162 1354 1216 1418 καὶ
1239 1355 1334 1437 ῥώμη
1359 1355 1534 1436 στομάτων

343 1459 553 1548 διαφέροντες.

448 1566 609 1632 V11399.
645 1567 798 1648 φρονήσει
822 1566 1022 1649 aulaumaiu
1044 1567 1192 1632 πλεῖστον
1216 1569 1392 1655 διαφέρων.

450 1672 502 1737 IV
518 1673 593 1736 225.
630 1672 709 1756 ἀνὴρ
734 1673 770 1749 ὃς
793 1671 832 1754 δὴ
849 1673 902 1736 καὶ
919 1674 1151 1746 πιθανώτατος
1166 1675 1268 1740 ἐδόκει
1283 1681 1348 1740 τῶν
1364 1676 1397 1740 ἐν
1412 1677 1530 1754 αὐτοῖς

341 1784 455 1861 νοῆσαι
477 1778 518 1843 τὰ
542 1777 657 1843 δέοντα
681 1779 734 1842 καί
756 1778 794 1841 τὰ
816 1777 979 1862 νοηθέντα
1001 1784 1127 1863 πρᾶξαι.

450 1886 501 1952 IV
518 1887 590 1950 503.
625 1885 739 1969 Σίμων
760 1885 796 1950 τδ
820 1887 911 1969 γένος
925 1886 1113 1976 Γερασηνὸς
1128 1891 1252 1960 νεανίας
1267 1891 1445 1977 πανουργίᾳ
1459 1889 1526 1972 μὲν

341 1994 530 2076 ἡττώμενος,
554 1993 635 2077 ἀλκῇ
659 1993 694 2058 δὲ
717 1995 877 2077 σωμάτων
899 1991 956 2058 καὶ
979 1995 1081 2078 τόλμῃ
1107 1996 1277 2078 διαφέρων.

769 2227 1089 2237 ---

432 2449 611 2535 Quoniam
623 2450 735 2538 igitur
746 2451 782 2518 in
800 2452 915 2539 priore
925 2453 1182 2520 dissertationis
1194 2464 1294 2540 parte
1306 2455 1393 2523 satis
1404 2467 1519 2524 osten-

343 2557 437 2624 disse
459 2557 547 2624 mihi
571 2557 700 2643 videor,
725 2560 901 2646 quomodo
924 2562 1103 2648 Josephus
1126 2583 1181 2628 res
1206 2572 1242 2627 et
1264 2575 1518 2650 argumentum

343 2675 516 2752 tractaret,
541 2677 734 2751 exornaret,
759 2680 993 2754 componeret,
1017 2653 1114 2736 nunc
1137 2670 1181 2736 ad

736 2918 739 2922 .
806 2839 1054 2936 elocutionem

343 3015 492 3090 transeo,
517 3029 607 3092 quae
630 3007 754 3094 quanti
771 3009 815 3075 ab
832 3007 987 3093 antiquis
1003 3006 1202 3073 rhetoribus
1218 3001 1517 3090 scriptoribusque

342 3109 528 3177 aestimata
551 3111 598 3178 sit
621 3112 693 3178 iarn
715 3113 803 3178 mihi
828 3113 942 3178 dicere
965 3135 1037 3178 non
1062 3121 1115 3176 est
1138 3130 1290 3177 necesse.

448 3218 501 3282 Ac
523 3215 677 3303 primum
701 3217 842 3304 quidem
866 3227 908 3283 ut
927 3218 1103 3283 delectum
1126 3215 1313 3282 verborum
1329 3216 1516 3305 attingam,

239 3368 243 3373 -
341 3323 450 3390 verba
481 3321 620 3410 poetica
651 3335 784 3391 novata
817 3322 1011 3410 composita
1040 3321 1270 3390 Hebraismos
1299 3323 1515 3397 Latinismos

344 3429 545 3498 Guilelmus
561 3429 724 3499 Schmidt
734 3432 755 3519 ¹)
773 3429 946 3514 tractavit,
962 3453 1075 3517 pauca
1088 3435 1121 3498 N
1125 3430 1232 3498 iesius
1248 3431 1284 3498 in
1298 3433 1517 3520 praefatione

345 3536 490 3623 addidit,
514 3539 557 3606 de
581 3537 788 3612 Latinismis
813 3537 873 3624 qui
896 3548 1070 3606 vocantur
1093 3539 1203 3606 Hahn
1212 3541 1236 3628 ²)
1260 3539 1433 3607 disseruit
1469 3629 1470 3632 Ἴ

451 3648 577 3712 Restat
592 3655 633 3712 ut
648 3645 821 3711 nonnulla
836 3646 1029 3734 suppleam,
1045 3648 1153 3715 verba
1164 3647 1410 3736 praetermissa
1421 3671 1518 3735 prae-

343 3750 446 3841 cipue
474 3751 668 3839 composita
696 3751 846 3819 adiciam
874 3764 911 3820 et
931 3753 1077 3841 poetica,
1112 3777 1203 3843 quae
1226 3777 1441 3842 quamquam
1464 3777 1517 3822 ca-

342 3860 500 3926 vendum
531 3881 607 3926 esse
639 3859 795 3945 arbitror,
825 3883 871 3928 ne
902 3861 1049 3949 poeticis
1076 3861 1259 3931 vocabulis
1282 3861 1517 3930 attribuamus

454 4079 476 4154 ¹)
501 4081 539 4138 de
563 4080 657 4137 Flavii
679 4083 804 4158 Josephi
828 4085 1001 4142 elocutione
1025 4085 1252 4142 observationes
1277 4086 1409 4154 criticae,
1431 4087 1517 4162 Jahr-

342 4169 460 4226 bucher
482 4170 528 4226 lfir
550 4169 640 4228 klass.
663 4171 735 4232 Phil.
759 4172 862 4248 Suppl.
886 4171 938 4242 20,
965 4172 1060 4244 1894,
1083 4193 1112 4250 ρ.
1137 4172 1321 4235 509-528.

452 4252 478 4340 ²)
502 4257 580 4316 Rom
603 4259 665 4316 und
688 4260 901 4320 Romanismus
924 4283 953 4339 p.
977 4262 1087 4326 207l8.
1112 4261 1223 4326 23819.
